<?xml version="1.0" encoding="UTF-8"?>
<!DOCTYPE html PUBLIC "-//W3C//DTD XHTML 1.0 Transitional//EN"
    "http://www.w3.org/TR/xhtml1/DTD/xhtml1-transitional.dtd">
<html xmlns="http://www.w3.org/1999/xhtml" xml:lang="en" lang="en">
 <head>
  <title>
</title>
<meta http-equiv="Content-Type" content="text/html;charset=utf-8" />
  <meta name='ocr-system' content='tesseract 3.04.00' />
  <meta name='ocr-capabilities' content='ocr_page ocr_carea ocr_par ocr_line ocrx_word'/>
</head>
<body>
  <div class='ocr_page' id='page_1' title='image "./derecoquinarilib00apicrich_0122.png"; bbox 0 0 2066 3276; ppageno 0'>
   <div class='ocr_carea' id='block_1_1' title="bbox 312 235 1345 296">
    <p class='ocr_par' dir='ltr' id='par_1_1' title="bbox 312 235 1345 296">
     <span class='ocr_line' id='line_1_1' title="bbox 312 235 1345 296; baseline -0.007 -7"><span class='ocrx_word' id='word_1_1' title='bbox 312 240 412 294; x_wconf 87' lang='lat'>118</span> <span class='ocrx_word' id='word_1_2' title='bbox 847 235 952 283; x_wconf 71' lang='lat' dir='ltr'>Lib.</span> <span class='ocrx_word' id='word_1_3' title='bbox 979 236 1056 295; x_wconf 83' lang='lat' dir='ltr'>VI.</span> <span class='ocrx_word' id='word_1_4' title='bbox 1106 237 1345 296; x_wconf 87' lang='lat' dir='ltr'>Tropetes.</span> 
     </span>
    </p>
   </div>
   <div class='ocr_carea' id='block_1_2' title="bbox 263 369 1896 1628">
    <p class='ocr_par' dir='ltr' id='par_1_2' title="bbox 263 369 1894 1183">
     <span class='ocr_line' id='line_1_2' title="bbox 419 369 1887 438; baseline -0.003 -10"><span class='ocrx_word' id='word_1_5' title='bbox 419 375 543 428; x_wconf 89' lang='lat'>217.</span> <span class='ocrx_word' id='word_1_6' title='bbox 603 370 833 425; x_wconf 84' lang='lat' dir='ltr'>Aliter</span> <span class='ocrx_word' id='word_1_7' title='bbox 870 370 936 424; x_wconf 92' lang='lat' dir='ltr'>in</span> <span class='ocrx_word' id='word_1_8' title='bbox 988 386 1222 438; x_wconf 85' lang='lat' dir='ltr'>gruem</span> <span class='ocrx_word' id='word_1_9' title='bbox 1248 370 1358 423; x_wconf 90' lang='lat' dir='ltr'>vel</span> <span class='ocrx_word' id='word_1_10' title='bbox 1397 369 1452 422; x_wconf 90' lang='lat' dir='ltr'>in</span> <span class='ocrx_word' id='word_1_11' title='bbox 1491 374 1761 424; x_wconf 86' lang='lat' dir='ltr'>anatem</span> <span class='ocrx_word' id='word_1_12' title='bbox 1801 370 1887 424; x_wconf 92' lang='lat' dir='ltr'>in-</span> 
     </span>
     <span class='ocr_line' id='line_1_3' title="bbox 307 443 1888 517; baseline -0.004 -14"><span class='ocrx_word' id='word_1_13' title='bbox 307 449 589 510; x_wconf 86' lang='lat' dir='ltr'>elixam:</span> <span class='ocrx_word' id='word_1_14' title='bbox 645 445 817 517; x_wconf 88' lang='lat' dir='ltr'>piper,</span> <span class='ocrx_word' id='word_1_15' title='bbox 883 444 1183 511; x_wconf 83' lang='lat' dir='ltr'>ligisticum,</span> <span class='ocrx_word' id='word_1_16' title='bbox 1239 443 1500 510; x_wconf 89' lang='lat' dir='ltr'>ciminum,</span> <span class='ocrx_word' id='word_1_17' title='bbox 1557 445 1888 498; x_wconf 77' lang='lat' dir='ltr'>coriandrum</span> 
     </span>
     <span class='ocr_line' id='line_1_4' title="bbox 305 517 1888 589; baseline -0.003 -13"><span class='ocrx_word' id='word_1_18' title='bbox 305 524 523 589; x_wconf 89' lang='lat' dir='ltr'>siccum,</span> <span class='ocrx_word' id='word_1_19' title='bbox 577 524 826 586; x_wconf 88' lang='lat' dir='ltr'>mentam,</span> <span class='ocrx_word' id='word_1_20' title='bbox 883 518 1175 585; x_wconf 82' lang='lat' dir='ltr'>origanum,</span> <span class='ocrx_word' id='word_1_21' title='bbox 1218 517 1454 584; x_wconf 79' lang='lat' dir='ltr'>nucleOS,</span> <span class='ocrx_word' id='word_1_22' title='bbox 1510 519 1780 585; x_wconf 85' lang='lat' dir='ltr'>cariotam,</span> <span class='ocrx_word' id='word_1_23' title='bbox 1832 518 1888 571; x_wconf 93' lang='lat' dir='ltr'>li-</span> 
     </span>
     <span class='ocr_line' id='line_1_5' title="bbox 307 591 1871 664; baseline -0.006 -14"><span class='ocrx_word' id='word_1_24' title='bbox 307 613 553 664; x_wconf 90' lang='lat' dir='ltr'>quamen,</span> <span class='ocrx_word' id='word_1_25' title='bbox 595 594 787 659; x_wconf 89' lang='lat' dir='ltr'>oleum,</span> <span class='ocrx_word' id='word_1_26' title='bbox 827 592 948 659; x_wconf 87' lang='lat' dir='ltr'>mel,</span> <span class='ocrx_word' id='word_1_27' title='bbox 990 605 1191 658; x_wconf 80' lang='lat' dir='ltr'>senape</span> <span class='ocrx_word' id='word_1_28' title='bbox 1232 596 1283 644; x_wconf 89' lang='lat' dir='ltr'>et</span> <span class='ocrx_word' id='word_1_29' title='bbox 1320 591 1516 643; x_wconf 86' lang='lat' dir='ltr'>vinum.</span> <span class='ocrx_word' id='word_1_30' title='bbox 1868 623 1871 626; x_wconf 93' lang='lat'><em>-</em></span> 
     </span>
     <span class='ocr_line' id='line_1_6' title="bbox 263 665 1891 733; baseline -0.003 -10"><span class='ocrx_word' id='word_1_31' title='bbox 263 671 271 678; x_wconf 83' lang='lat'>&#39;</span> <span class='ocrx_word' id='word_1_32' title='bbox 416 671 539 723; x_wconf 79' lang='lat'>218.</span> <span class='ocrx_word' id='word_1_33' title='bbox 597 667 813 720; x_wconf 82' lang='lat' dir='ltr'><strong>Aliter</strong></span> <span class='ocrx_word' id='word_1_34' title='bbox 853 681 1088 733; x_wconf 83' lang='lat' dir='ltr'><strong>gruem</strong></span> <span class='ocrx_word' id='word_1_35' title='bbox 1115 665 1226 718; x_wconf 89' lang='lat' dir='ltr'>vel</span> <span class='ocrx_word' id='word_1_36' title='bbox 1254 670 1559 719; x_wconf 86' lang='lat' dir='ltr'>anatem:</span> <span class='ocrx_word' id='word_1_37' title='bbox 1601 681 1766 718; x_wconf 90' lang='lat' dir='ltr'>assas.</span> <span class='ocrx_word' id='word_1_38' title='bbox 1799 681 1891 718; x_wconf 90' lang='lat' dir='ltr'>eas</span> 
     </span>
     <span class='ocr_line' id='line_1_7' title="bbox 307 738 1891 809; baseline -0.004 -11"><span class='ocrx_word' id='word_1_39' title='bbox 307 745 375 798; x_wconf 89' lang='lat' dir='ltr'>de</span> <span class='ocrx_word' id='word_1_40' title='bbox 414 744 516 797; x_wconf 87' lang='lat' dir='ltr'>hoc</span> <span class='ocrx_word' id='word_1_41' title='bbox 555 742 669 795; x_wconf 89' lang='lat' dir='ltr'>iure</span> <span class='ocrx_word' id='word_1_42' title='bbox 707 739 1017 809; x_wconf 87' lang='lat' dir='ltr'>perfundis:</span> <span class='ocrx_word' id='word_1_43' title='bbox 1061 743 1203 792; x_wconf 89' lang='lat' dir='ltr'>teres</span> <span class='ocrx_word' id='word_1_44' title='bbox 1242 739 1413 807; x_wconf 87' lang='lat' dir='ltr'>piper,</span> <span class='ocrx_word' id='word_1_45' title='bbox 1454 738 1756 806; x_wconf 85' lang='lat' dir='ltr'>ligisticum,</span> <span class='ocrx_word' id='word_1_46' title='bbox 1793 739 1891 792; x_wconf 88' lang='lat' dir='ltr'>ori-</span> 
     </span>
     <span class='ocr_line' id='line_1_8' title="bbox 305 812 1891 886; baseline -0.004 -15"><span class='ocrx_word' id='word_1_47' title='bbox 305 835 520 886; x_wconf 86' lang='lat' dir='ltr'>ganum,</span> <span class='ocrx_word' id='word_1_48' title='bbox 561 817 847 882; x_wconf 78' lang='lat' dir='ltr'>liquamen,</span> <span class='ocrx_word' id='word_1_49' title='bbox 890 813 1010 878; x_wconf 89' lang='lat' dir='ltr'>mel,</span> <span class='ocrx_word' id='word_1_50' title='bbox 1053 813 1190 866; x_wconf 68' lang='lat' dir='ltr'>aceti</span> <span class='ocrx_word' id='word_1_51' title='bbox 1230 812 1498 866; x_wconf 91' lang='lat' dir='ltr'>modicum</span> <span class='ocrx_word' id='word_1_52' title='bbox 1538 818 1590 866; x_wconf 93' lang='lat' dir='ltr'>et</span> <span class='ocrx_word' id='word_1_53' title='bbox 1628 814 1747 866; x_wconf 89' lang='lat' dir='ltr'>olei.</span> <span class='ocrx_word' id='word_1_54' title='bbox 1789 812 1891 867; x_wconf 87' lang='lat' dir='ltr'>fer·</span> 
     </span>
     <span class='ocr_line' id='line_1_9' title="bbox 301 887 1892 955; baseline -0.005 -9"><span class='ocrx_word' id='word_1_55' title='bbox 301 897 426 946; x_wconf 87' lang='lat' dir='ltr'>veat</span> <span class='ocrx_word' id='word_1_56' title='bbox 464 893 616 945; x_wconf 90' lang='lat' dir='ltr'>bene.</span> <span class='ocrx_word' id='word_1_57' title='bbox 659 887 819 941; x_wconf 87' lang='lat' dir='ltr'>mittis</span> <span class='ocrx_word' id='word_1_58' title='bbox 859 887 1089 939; x_wconf 90' lang='lat' dir='ltr'>amolum</span> <span class='ocrx_word' id='word_1_59' title='bbox 1131 891 1183 940; x_wconf 87' lang='lat' dir='ltr'>et</span> <span class='ocrx_word' id='word_1_60' title='bbox 1221 903 1383 955; x_wconf 89' lang='lat' dir='ltr'>supra</span> <span class='ocrx_word' id='word_1_61' title='bbox 1421 887 1502 940; x_wconf 89' lang='lat' dir='ltr'>ius</span> <span class='ocrx_word' id='word_1_62' title='bbox 1553 887 1752 940; x_wconf 89' lang='lat' dir='ltr'>rotulas</span> <span class='ocrx_word' id='word_1_63' title='bbox 1806 903 1892 940; x_wconf 90' lang='lat' dir='ltr'>cu-</span> 
     </span>
     <span class='ocr_line' id='line_1_10' title="bbox 305 961 1894 1027; baseline -0.004 -7"><span class='ocrx_word' id='word_1_64' title='bbox 305 966 542 1020; x_wconf 88' lang='lat' dir='ltr'>curbitae</span> <span class='ocrx_word' id='word_1_65' title='bbox 583 963 756 1018; x_wconf 83' lang='lat' dir='ltr'>elixae</span> <span class='ocrx_word' id='word_1_66' title='bbox 796 962 883 1015; x_wconf 89' lang='lat' dir='ltr'>vel</span> <span class='ocrx_word' id='word_1_67' title='bbox 925 961 1225 1015; x_wconf 79' lang='lat' dir='ltr'>colocasiae</span> <span class='ocrx_word' id='word_1_68' title='bbox 1267 965 1319 1014; x_wconf 89' lang='lat' dir='ltr'>et</span> <span class='ocrx_word' id='word_1_69' title='bbox 1356 961 1553 1014; x_wconf 86' lang='lat' dir='ltr'>bulliat.</span> <span class='ocrx_word' id='word_1_70' title='bbox 1598 961 1641 1013; x_wconf 92' lang='lat' dir='ltr'>si</span> <span class='ocrx_word' id='word_1_71' title='bbox 1669 965 1804 1027; x_wconf 86' lang='lat' dir='ltr'>sunt,</span> <span class='ocrx_word' id='word_1_72' title='bbox 1843 965 1894 1013; x_wconf 89' lang='lat' dir='ltr'>et</span> 
     </span>
     <span class='ocr_line' id='line_1_11' title="bbox 299 1033 1893 1126; baseline -0.004 -32"><span class='ocrx_word' id='word_1_73' title='bbox 299 1041 550 1126; x_wconf 80' lang='lat' dir='ltr'>ungellas</span> <span class='ocrx_word' id='word_1_74' title='bbox 591 1053 788 1104; x_wconf 82' lang='lat' dir='ltr'>coques</span> <span class='ocrx_word' id='word_1_75' title='bbox 842 1040 893 1088; x_wconf 87' lang='lat' dir='ltr'>et</span> <span class='ocrx_word' id='word_1_76' title='bbox 946 1034 1182 1088; x_wconf 90' lang='lat' dir='ltr'>iocinera</span> <span class='ocrx_word' id='word_1_77' title='bbox 1232 1035 1510 1102; x_wconf 89' lang='lat' dir='ltr'>pullorum.</span> <span class='ocrx_word' id='word_1_78' title='bbox 1564 1035 1620 1087; x_wconf 91' lang='lat' dir='ltr'>in</span> <span class='ocrx_word' id='word_1_79' title='bbox 1671 1033 1893 1088; x_wconf 87' lang='lat' dir='ltr'>boletari</span> 
     </span>
     <span class='ocr_line' id='line_1_12' title="bbox 301 1108 1382 1194; baseline -0.005 -28"><span class='ocrx_word' id='word_1_80' title='bbox 301 1115 457 1183; x_wconf 86' lang='lat' dir='ltr'>piper</span> <span class='ocrx_word' id='word_1_81' title='bbox 495 1113 750 1166; x_wconf 90' lang='lat' dir='ltr'>minutum</span> <span class='ocrx_word' id='word_1_82' title='bbox 790 1108 1038 1194; x_wconf 82' lang='lat' dir='ltr'>aspargis</span> <span class='ocrx_word' id='word_1_83' title='bbox 1080 1113 1132 1161; x_wconf 88' lang='lat' dir='ltr'>et</span> <span class='ocrx_word' id='word_1_84' title='bbox 1168 1108 1382 1162; x_wconf 88' lang='lat' dir='ltr'>inferes</span> 
     </span>
    </p>

    <p class='ocr_par' dir='ltr' id='par_1_3' title="bbox 303 1181 1892 1475">
     <span class='ocr_line' id='line_1_13' title="bbox 416 1181 1891 1250; baseline -0.005 -10"><span class='ocrx_word' id='word_1_85' title='bbox 416 1189 540 1241; x_wconf 87' lang='lat'>219.</span> <span class='ocrx_word' id='word_1_86' title='bbox 601 1185 829 1239; x_wconf 83' lang='lat' dir='ltr'>Aliter</span> <span class='ocrx_word' id='word_1_87' title='bbox 866 1183 934 1235; x_wconf 91' lang='lat' dir='ltr'>in</span> <span class='ocrx_word' id='word_1_88' title='bbox 962 1199 1129 1250; x_wconf 86' lang='lat' dir='ltr'>grue</span> <span class='ocrx_word' id='word_1_89' title='bbox 1168 1182 1281 1236; x_wconf 88' lang='lat' dir='ltr'>vel</span> <span class='ocrx_word' id='word_1_90' title='bbox 1321 1187 1525 1235; x_wconf 90' lang='lat' dir='ltr'>anate</span> <span class='ocrx_word' id='word_1_91' title='bbox 1567 1181 1779 1235; x_wconf 82' lang='lat' dir='ltr'>elixa:</span> <span class='ocrx_word' id='word_1_92' title='bbox 1816 1182 1891 1250; x_wconf 92' lang='lat' dir='ltr'>pi</span> 
     </span>
     <span class='ocr_line' id='line_1_14' title="bbox 303 1256 1892 1330; baseline -0.006 -14"><span class='ocrx_word' id='word_1_93' title='bbox 303 1279 416 1330; x_wconf 87' lang='lat' dir='ltr'>per,</span> <span class='ocrx_word' id='word_1_94' title='bbox 460 1261 762 1329; x_wconf 80' lang='lat' dir='ltr'>ligisticum,</span> <span class='ocrx_word' id='word_1_95' title='bbox 805 1274 921 1326; x_wconf 63' lang='grc' dir='ltr'><strong>αρ3,</strong></span> <span class='ocrx_word' id='word_1_96' title='bbox 935 1273 1134 1321; x_wconf 80' lang='lat' dir='ltr'>semen,</span> <span class='ocrx_word' id='word_1_97' title='bbox 1178 1272 1392 1309; x_wconf 87' lang='lat' dir='ltr'>erucam</span> <span class='ocrx_word' id='word_1_98' title='bbox 1414 1257 1501 1308; x_wconf 87' lang='lat' dir='ltr'>vel</span> <span class='ocrx_word' id='word_1_99' title='bbox 1543 1256 1892 1322; x_wconf 88' lang='lat' dir='ltr'>coriandrum,</span> 
     </span>
     <span class='ocr_line' id='line_1_15' title="bbox 304 1329 1894 1402; baseline -0.004 -13"><span class='ocrx_word' id='word_1_100' title='bbox 304 1343 556 1402; x_wconf 84' lang='lat' dir='ltr'>mentam,</span> <span class='ocrx_word' id='word_1_101' title='bbox 600 1332 871 1397; x_wconf 86' lang='lat' dir='ltr'>cariotam,</span> <span class='ocrx_word' id='word_1_102' title='bbox 912 1331 1034 1395; x_wconf 89' lang='lat' dir='ltr'>mel,</span> <span class='ocrx_word' id='word_1_103' title='bbox 1086 1334 1312 1396; x_wconf 88' lang='lat' dir='ltr'>acetum,</span> <span class='ocrx_word' id='word_1_104' title='bbox 1366 1329 1651 1396; x_wconf 87' lang='lat' dir='ltr'>liquamen,</span> <span class='ocrx_word' id='word_1_105' title='bbox 1707 1329 1894 1383; x_wconf 83' lang='lat' dir='ltr'>defric-</span> 
     </span>
     <span class='ocr_line' id='line_1_16' title="bbox 303 1402 1893 1475; baseline -0.004 -12"><span class='ocrx_word' id='word_1_106' title='bbox 303 1415 414 1462; x_wconf 86' lang='lat' dir='ltr'>tum</span> <span class='ocrx_word' id='word_1_107' title='bbox 457 1414 508 1463; x_wconf 89' lang='lat' dir='ltr'>et</span> <span class='ocrx_word' id='word_1_108' title='bbox 547 1423 766 1475; x_wconf 87' lang='lat' dir='ltr'>senape</span> <span class='ocrx_word' id='word_1_109' title='bbox 808 1405 952 1458; x_wconf 88' lang='lat' dir='ltr'>idem</span> <span class='ocrx_word' id='word_1_110' title='bbox 993 1403 1163 1457; x_wconf 88' lang='lat' dir='ltr'>facies</span> <span class='ocrx_word' id='word_1_111' title='bbox 1206 1408 1258 1456; x_wconf 90' lang='lat' dir='ltr'>et</span> <span class='ocrx_word' id='word_1_112' title='bbox 1295 1402 1340 1455; x_wconf 89' lang='lat' dir='ltr'>si</span> <span class='ocrx_word' id='word_1_113' title='bbox 1378 1403 1433 1455; x_wconf 93' lang='lat' dir='ltr'>in</span> <span class='ocrx_word' id='word_1_114' title='bbox 1468 1405 1700 1457; x_wconf 87' lang='lat' dir='ltr'>caccabo</span> <span class='ocrx_word' id='word_1_115' title='bbox 1726 1419 1893 1457; x_wconf 89' lang='lat' dir='ltr'>assas.</span> 
     </span>
    </p>

    <p class='ocr_par' dir='ltr' id='par_1_4' title="bbox 303 1477 1894 1625">
     <span class='ocr_line' id='line_1_17' title="bbox 420 1477 1894 1552; baseline -0.005 -16"><span class='ocrx_word' id='word_1_116' title='bbox 420 1484 544 1538; x_wconf 88' lang='lat'>220.</span> <span class='ocrx_word' id='word_1_117' title='bbox 566 1483 664 1534; x_wconf 91' lang='lat' dir='ltr'>In</span> <span class='ocrx_word' id='word_1_118' title='bbox 705 1479 992 1552; x_wconf 88' lang='lat' dir='ltr'>perdice</span> <span class='ocrx_word' id='word_1_119' title='bbox 1034 1483 1099 1530; x_wconf 88' lang='lat' dir='ltr'>et</span> <span class='ocrx_word' id='word_1_120' title='bbox 1137 1481 1483 1544; x_wconf 82' lang='lat' dir='ltr'>attagena</span> <span class='ocrx_word' id='word_1_121' title='bbox 1527 1482 1589 1530; x_wconf 91' lang='lat' dir='ltr'>et</span> <span class='ocrx_word' id='word_1_122' title='bbox 1640 1477 1706 1530; x_wconf 92' lang='lat' dir='ltr'>in</span> <span class='ocrx_word' id='word_1_123' title='bbox 1757 1482 1894 1548; x_wconf 85' lang='lat' dir='ltr'>tur-</span> 
     </span>
     <span class='ocr_line' id='line_1_18' title="bbox 303 1550 1896 1628; baseline -0.004 -17"><span class='ocrx_word' id='word_1_124' title='bbox 303 1563 456 1611; x_wconf 88' lang='lat' dir='ltr'>ture</span> <span class='ocrx_word' id='word_1_125' title='bbox 500 1556 738 1611; x_wconf 87' lang='lat' dir='ltr'>elixis:</span> <span class='ocrx_word' id='word_1_126' title='bbox 779 1555 949 1625; x_wconf 87' lang='lat' dir='ltr'>piper</span> <span class='ocrx_word' id='word_1_127' title='bbox 1002 1550 1305 1618; x_wconf 85' lang='lat' dir='ltr'>ligisticum,</span> <span class='ocrx_word' id='word_1_128' title='bbox 1359 1551 1459 1628; x_wconf 89' lang='lat' dir='ltr'>api</span> <span class='ocrx_word' id='word_1_129' title='bbox 1500 1567 1700 1618; x_wconf 89' lang='lat' dir='ltr'>semen,</span> <span class='ocrx_word' id='word_1_130' title='bbox 1753 1568 1896 1605; x_wconf 88' lang='lat' dir='ltr'>men-</span> 
     </span>
    </p>
   </div>
   <div class='ocr_carea' id='block_1_3' title="bbox 1151 1743 1898 1919">
    <p class='ocr_par' dir='ltr' id='par_1_5' title="bbox 1151 1743 1898 1919">
     <span class='ocr_line' id='line_1_19' title="bbox 1271 1743 1893 1789; baseline 0 -3"><span class='ocrx_word' id='word_1_131' title='bbox 1271 1743 1333 1787; x_wconf 90' lang='lat' dir='ltr'>ad</span> <span class='ocrx_word' id='word_1_132' title='bbox 1382 1745 1481 1789; x_wconf 87' lang='grc'><strong>218.</strong></span> <span class='ocrx_word' id='word_1_133' title='bbox 1545 1745 1743 1789; x_wconf 83' lang='lat' dir='ltr'>mittis</span> <span class='ocrx_word' id='word_1_134' title='bbox 1791 1757 1893 1788; x_wconf 89' lang='lat' dir='ltr'>am.</span> 
     </span>
     <span class='ocr_line' id='line_1_20' title="bbox 1151 1803 1897 1860; baseline 0.004 -16"><span class='ocrx_word' id='word_1_135' title='bbox 1151 1803 1305 1847; x_wconf 89' lang='lat' dir='ltr'>amulo</span> <span class='ocrx_word' id='word_1_136' title='bbox 1339 1804 1534 1860; x_wconf 84' lang='lat' dir='ltr'>obligas.</span> <span class='ocrx_word' id='word_1_137' title='bbox 1567 1830 1617 1834; x_wconf 91' lang='lat'>--</span> <span class='ocrx_word' id='word_1_138' title='bbox 1654 1804 1897 1849; x_wconf 83' lang='lat' dir='ltr'>coloca-</span> 
     </span>
     <span class='ocr_line' id='line_1_21' title="bbox 1151 1861 1898 1919; baseline 0.004 -15"><span class='ocrx_word' id='word_1_139' title='bbox 1151 1861 1282 1906; x_wconf 86' lang='lat' dir='ltr'>siae</span> <span class='ocrx_word' id='word_1_140' title='bbox 1326 1869 1386 1907; x_wconf 88' lang='lat' dir='ltr'>ut</span> <span class='ocrx_word' id='word_1_141' title='bbox 1429 1864 1500 1908; x_wconf 91' lang='lat' dir='ltr'>ed.</span> <span class='ocrx_word' id='word_1_142' title='bbox 1542 1878 1607 1919; x_wconf 89' lang='lat' dir='ltr'>pr.</span> <span class='ocrx_word' id='word_1_143' title='bbox 1641 1864 1697 1907; x_wconf 90' lang='lat' dir='ltr'>H.</span> <span class='ocrx_word' id='word_1_144' title='bbox 1743 1863 1898 1908; x_wconf 87' lang='lat' dir='ltr'>colo-</span> 
     </span>
    </p>
   </div>
   <div class='ocr_carea' id='block_1_4' title="bbox 304 1749 1059 1924">
    <p class='ocr_par' dir='ltr' id='par_1_6' title="bbox 304 1749 1059 1924">
     <span class='ocr_line' id='line_1_22' title="bbox 308 1749 1058 1801; baseline -0.007 -4"><span class='ocrx_word' id='word_1_145' title='bbox 308 1752 621 1801; x_wconf 86' lang='lat' dir='ltr'>exbromatur‚</span> <span class='ocrx_word' id='word_1_146' title='bbox 662 1749 935 1800; x_wconf 83' lang='lat' dir='ltr'>exsiccatur,</span> <span class='ocrx_word' id='word_1_147' title='bbox 978 1749 1058 1792; x_wconf 90' lang='lat' dir='ltr'>mi-</span> 
     </span>
     <span class='ocr_line' id='line_1_23' title="bbox 307 1809 1059 1864; baseline -0.005 -8"><span class='ocrx_word' id='word_1_148' title='bbox 307 1811 508 1856; x_wconf 80' lang='lat' dir='ltr'>nutatim</span> <span class='ocrx_word' id='word_1_149' title='bbox 546 1810 805 1854; x_wconf 77' lang='lat' dir='ltr'>conciditur</span> <span class='ocrx_word' id='word_1_150' title='bbox 837 1814 884 1853; x_wconf 89' lang='lat' dir='ltr'>et</span> <span class='ocrx_word' id='word_1_151' title='bbox 916 1809 977 1853; x_wconf 91' lang='lat' dir='ltr'>ad</span> <span class='ocrx_word' id='word_1_152' title='bbox 993 1809 1059 1864; x_wconf 89' lang='lat' dir='ltr'>ig-</span> 
     </span>
     <span class='ocr_line' id='line_1_24' title="bbox 304 1869 1059 1924; baseline -0.001 -10"><span class='ocrx_word' id='word_1_153' title='bbox 304 1885 409 1916; x_wconf 89' lang='lat' dir='ltr'>nem</span> <span class='ocrx_word' id='word_1_154' title='bbox 453 1869 642 1924; x_wconf 90' lang='lat' dir='ltr'>ponitur</span> <span class='ocrx_word' id='word_1_155' title='bbox 683 1878 730 1913; x_wconf 82' lang='lat' dir='ltr'>et</span> <span class='ocrx_word' id='word_1_156' title='bbox 773 1869 926 1912; x_wconf 84' lang='lat' dir='ltr'>media</span> <span class='ocrx_word' id='word_1_157' title='bbox 958 1882 1059 1913; x_wconf 82' lang='lat' dir='ltr'>coc-</span> 
     </span>
    </p>
   </div>
   <div class='ocr_carea' id='block_1_5' title="bbox 305 1926 1062 2923">
    <p class='ocr_par' dir='ltr' id='par_1_7' title="bbox 305 1926 1062 2683">
     <span class='ocr_line' id='line_1_25' title="bbox 306 1926 1058 1974; baseline -0.003 0"><span class='ocrx_word' id='word_1_158' title='bbox 306 1936 411 1974; x_wconf 88' lang='lat' dir='ltr'>tura</span> <span class='ocrx_word' id='word_1_159' title='bbox 455 1926 652 1972; x_wconf 85' lang='lat' dir='ltr'>defricto</span> <span class='ocrx_word' id='word_1_160' title='bbox 698 1927 944 1972; x_wconf 83' lang='lat' dir='ltr'>coloratur.</span> <span class='ocrx_word' id='word_1_161' title='bbox 988 1929 1058 1972; x_wconf 89' lang='lat' dir='ltr'>ius</span> 
     </span>
     <span class='ocr_line' id='line_1_26' title="bbox 306 1989 1060 2045; baseline -0.004 -11"><span class='ocrx_word' id='word_1_162' title='bbox 306 1989 557 2045; x_wconf 86' lang='lat' dir='ltr'>separatim</span> <span class='ocrx_word' id='word_1_163' title='bbox 605 1992 933 2043; x_wconf 83' lang='lat' dir='ltr'>praeparatum</span> <span class='ocrx_word' id='word_1_164' title='bbox 987 2001 1060 2031; x_wconf 92' lang='lat' dir='ltr'>su-</span> 
     </span>
     <span class='ocr_line' id='line_1_27' title="bbox 305 2045 1060 2104; baseline -0.004 -11"><span class='ocrx_word' id='word_1_165' title='bbox 305 2063 389 2104; x_wconf 89' lang='lat' dir='ltr'>per</span> <span class='ocrx_word' id='word_1_166' title='bbox 421 2052 606 2090; x_wconf 85' lang='lat' dir='ltr'>anatem</span> <span class='ocrx_word' id='word_1_167' title='bbox 639 2045 847 2090; x_wconf 87' lang='lat' dir='ltr'>funditur</span> <span class='ocrx_word' id='word_1_168' title='bbox 879 2051 926 2091; x_wconf 85' lang='lat' dir='ltr'>et</span> <span class='ocrx_word' id='word_1_169' title='bbox 959 2060 1060 2091; x_wconf 91' lang='lat' dir='ltr'>cum</span> 
     </span>
     <span class='ocr_line' id='line_1_28' title="bbox 307 2105 1060 2158; baseline -0.003 -7"><span class='ocrx_word' id='word_1_170' title='bbox 307 2120 422 2151; x_wconf 90' lang='lat' dir='ltr'>anas</span> <span class='ocrx_word' id='word_1_171' title='bbox 498 2119 599 2149; x_wconf 92' lang='lat' dir='ltr'>cum</span> <span class='ocrx_word' id='word_1_172' title='bbox 665 2106 762 2149; x_wconf 88' lang='lat' dir='ltr'>iure</span> <span class='ocrx_word' id='word_1_173' title='bbox 825 2105 1060 2158; x_wconf 69' lang='lat' dir='ltr'>fervuerst,</span> 
     </span>
     <span class='ocr_line' id='line_1_29' title="bbox 311 2164 1060 2220; baseline -0.001 -10"><span class='ocrx_word' id='word_1_174' title='bbox 311 2166 467 2210; x_wconf 90' lang='lat' dir='ltr'>amulo</span> <span class='ocrx_word' id='word_1_175' title='bbox 502 2164 741 2220; x_wconf 82' lang='lat' dir='ltr'>obligatur</span> <span class='ocrx_word' id='word_1_176' title='bbox 773 2169 821 2208; x_wconf 87' lang='lat' dir='ltr'>et</span> <span class='ocrx_word' id='word_1_177' title='bbox 852 2178 965 2220; x_wconf 87' lang='lat' dir='ltr'>rapa</span> <span class='ocrx_word' id='word_1_178' title='bbox 983 2165 1060 2209; x_wconf 89' lang='lat' dir='ltr'>de-</span> 
     </span>
     <span class='ocr_line' id='line_1_30' title="bbox 309 2224 1060 2281; baseline -0.004 -11"><span class='ocrx_word' id='word_1_179' title='bbox 309 2227 448 2281; x_wconf 90' lang='lat' dir='ltr'>nique</span> <span class='ocrx_word' id='word_1_180' title='bbox 480 2224 663 2267; x_wconf 83' lang='lat' dir='ltr'>interim</span> <span class='ocrx_word' id='word_1_181' title='bbox 699 2228 833 2267; x_wconf 88' lang='lat' dir='ltr'>cocta</span> <span class='ocrx_word' id='word_1_182' title='bbox 875 2224 920 2267; x_wconf 89' lang='lat' dir='ltr'>in</span> <span class='ocrx_word' id='word_1_183' title='bbox 953 2237 1060 2268; x_wconf 87' lang='lat' dir='ltr'>eun—</span> 
     </span>
     <span class='ocr_line' id='line_1_31' title="bbox 309 2282 1058 2338; baseline -0.001 -10"><span class='ocrx_word' id='word_1_184' title='bbox 309 2286 413 2328; x_wconf 89' lang='lat' dir='ltr'>dem</span> <span class='ocrx_word' id='word_1_185' title='bbox 449 2282 695 2327; x_wconf 87' lang='lat' dir='ltr'>caccabum</span> <span class='ocrx_word' id='word_1_186' title='bbox 719 2283 931 2326; x_wconf 87' lang='lat' dir='ltr'>adicitur.</span> <span class='ocrx_word' id='word_1_187' title='bbox 968 2297 1058 2338; x_wconf 90' lang='lat' dir='ltr'>quo</span> 
     </span>
     <span class='ocr_line' id='line_1_32' title="bbox 307 2342 1057 2398; baseline -0.004 -11"><span class='ocrx_word' id='word_1_188' title='bbox 307 2343 435 2387; x_wconf 87' lang='lat' dir='ltr'>facto</span> <span class='ocrx_word' id='word_1_189' title='bbox 480 2343 612 2397; x_wconf 85' lang='lat' dir='ltr'>piper</span> <span class='ocrx_word' id='word_1_190' title='bbox 654 2342 963 2398; x_wconf 80' lang='lat' dir='ltr'>adspergitur.</span> <span class='ocrx_word' id='word_1_191' title='bbox 1005 2367 1057 2371; x_wconf 32' lang='lat'>⁷--</span> 
     </span>
     <span class='ocr_line' id='line_1_33' title="bbox 309 2400 1059 2457; baseline -0.003 -11"><span class='ocrx_word' id='word_1_192' title='bbox 309 2403 339 2446; x_wconf 90' lang='lat' dir='ltr'>d</span> <span class='ocrx_word' id='word_1_193' title='bbox 353 2417 377 2447; x_wconf 85' lang='lat' dir='ltr'>e</span> <span class='ocrx_word' id='word_1_194' title='bbox 392 2416 414 2446; x_wconf 95' lang='lat' dir='ltr'>s</span> <span class='ocrx_word' id='word_1_195' title='bbox 426 2416 455 2446; x_wconf 91' lang='lat' dir='ltr'>u</span> <span class='ocrx_word' id='word_1_196' title='bbox 466 2415 496 2457; x_wconf 89' lang='lat' dir='ltr'>p</span> <span class='ocrx_word' id='word_1_197' title='bbox 510 2415 533 2445; x_wconf 94' lang='lat' dir='ltr'>e</span> <span class='ocrx_word' id='word_1_198' title='bbox 547 2415 569 2444; x_wconf 91' lang='lat' dir='ltr'>r</span> <span class='ocrx_word' id='word_1_199' title='bbox 617 2400 817 2456; x_wconf 84' lang='lat' dir='ltr'>insuper,</span> <span class='ocrx_word' id='word_1_200' title='bbox 879 2402 1059 2445; x_wconf 88' lang='lat' dir='ltr'>iterum.</span> 
     </span>
     <span class='ocr_line' id='line_1_34' title="bbox 308 2459 1060 2516; baseline 0 -12"><span class='ocrx_word' id='word_1_201' title='bbox 308 2461 431 2506; x_wconf 92' lang='lat' dir='ltr'>forte</span> <span class='ocrx_word' id='word_1_202' title='bbox 475 2459 766 2504; x_wconf 87' lang='lat' dir='ltr'>scribendum</span> <span class='ocrx_word' id='word_1_203' title='bbox 811 2460 879 2504; x_wconf 90' lang='lat' dir='ltr'>de</span> <span class='ocrx_word' id='word_1_204' title='bbox 926 2473 1060 2516; x_wconf 92' lang='lat' dir='ltr'>sup-</span> 
     </span>
     <span class='ocr_line' id='line_1_35' title="bbox 307 2519 1059 2575; baseline -0.007 -11"><span class='ocrx_word' id='word_1_205' title='bbox 307 2533 452 2575; x_wconf 88' lang='lat' dir='ltr'>pare</span> <span class='ocrx_word' id='word_1_206' title='bbox 499 2519 687 2574; x_wconf 86' lang='lat' dir='ltr'>pariter,</span> <span class='ocrx_word' id='word_1_207' title='bbox 736 2519 958 2563; x_wconf 87' lang='lat' dir='ltr'>similiter.</span> <span class='ocrx_word' id='word_1_208' title='bbox 1005 2544 1059 2548; x_wconf 91' lang='lat'>-—</span> 
     </span>
     <span class='ocr_line' id='line_1_36' title="bbox 307 2578 1062 2634; baseline -0.004 -11"><span class='ocrx_word' id='word_1_209' title='bbox 307 2594 329 2622; x_wconf 92' lang='lat' dir='ltr'>s</span> <span class='ocrx_word' id='word_1_210' title='bbox 340 2594 368 2623; x_wconf 94' lang='lat' dir='ltr'>u</span> <span class='ocrx_word' id='word_1_211' title='bbox 381 2593 410 2634; x_wconf 90' lang='lat' dir='ltr'>p</span> <span class='ocrx_word' id='word_1_212' title='bbox 425 2592 450 2622; x_wconf 95' lang='lat' dir='ltr'>e</span> <span class='ocrx_word' id='word_1_213' title='bbox 462 2592 483 2621; x_wconf 87' lang='lat' dir='ltr'>r</span> <span class='ocrx_word' id='word_1_214' title='bbox 513 2582 758 2632; x_wconf 88' lang='lat' dir='ltr'>praeterea</span> <span class='ocrx_word' id='word_1_215' title='bbox 776 2578 852 2622; x_wconf 88' lang='lat' dir='ltr'>vel</span> <span class='ocrx_word' id='word_1_216' title='bbox 875 2578 1062 2633; x_wconf 89' lang='lat' dir='ltr'>insuper</span> 
     </span>
     <span class='ocr_line' id='line_1_37' title="bbox 310 2634 616 2683; baseline -0.016 0"><span class='ocrx_word' id='word_1_217' title='bbox 310 2638 431 2683; x_wconf 90' lang='lat' dir='ltr'>oben</span> <span class='ocrx_word' id='word_1_218' title='bbox 465 2634 616 2680; x_wconf 83' lang='lat' dir='ltr'>draus.</span> 
     </span>
    </p>

    <p class='ocr_par' dir='ltr' id='par_1_8' title="bbox 306 2695 1060 2923">
     <span class='ocr_line' id='line_1_38' title="bbox 398 2695 1060 2746; baseline -0.005 -6"><span class='ocrx_word' id='word_1_219' title='bbox 398 2696 459 2740; x_wconf 88' lang='lat' dir='ltr'>ad</span> <span class='ocrx_word' id='word_1_220' title='bbox 491 2695 592 2739; x_wconf 91' lang='lat'>217.</span> <span class='ocrx_word' id='word_1_221' title='bbox 655 2695 959 2746; x_wconf 87' lang='lat' dir='ltr'>inelixam‚</span> <span class='ocrx_word' id='word_1_222' title='bbox 1007 2699 1060 2738; x_wconf 92' lang='lat' dir='ltr'>ut</span> 
     </span>
     <span class='ocr_line' id='line_1_39' title="bbox 306 2754 1056 2809; baseline -0.004 -10"><span class='ocrx_word' id='word_1_223' title='bbox 306 2757 487 2799; x_wconf 89' lang='lat' dir='ltr'>inassus</span> <span class='ocrx_word' id='word_1_224' title='bbox 545 2755 643 2797; x_wconf 87' lang='lat'>223.</span> <span class='ocrx_word' id='word_1_225' title='bbox 705 2754 936 2798; x_wconf 86' lang='lat' dir='ltr'>inassatus</span> <span class='ocrx_word' id='word_1_226' title='bbox 984 2766 1056 2809; x_wconf 91' lang='lat' dir='ltr'>ap.</span> 
     </span>
     <span class='ocr_line' id='line_1_40' title="bbox 308 2813 1058 2868; baseline -0.003 -9"><span class='ocrx_word' id='word_1_227' title='bbox 308 2813 508 2858; x_wconf 89' lang='lat' dir='ltr'>Marcell.</span> <span class='ocrx_word' id='word_1_228' title='bbox 549 2813 682 2868; x_wconf 88' lang='lat' dir='ltr'>Emp.</span> <span class='ocrx_word' id='word_1_229' title='bbox 727 2813 798 2857; x_wconf 90' lang='lat'>22.</span> <span class='ocrx_word' id='word_1_230' title='bbox 843 2814 903 2856; x_wconf 91' lang='lat' dir='ltr'>in.</span> <span class='ocrx_word' id='word_1_231' title='bbox 947 2825 1058 2868; x_wconf 92' lang='lat' dir='ltr'>pau-</span> 
     </span>
     <span class='ocr_line' id='line_1_41' title="bbox 308 2871 735 2923; baseline -0.007 -5"><span class='ocrx_word' id='word_1_232' title='bbox 308 2873 400 2923; x_wconf 88' lang='lat' dir='ltr'>lum</span> <span class='ocrx_word' id='word_1_233' title='bbox 437 2873 603 2917; x_wconf 85' lang='lat' dir='ltr'>elixam</span> <span class='ocrx_word' id='word_1_234' title='bbox 635 2871 735 2915; x_wconf 81' lang='lat'>385.</span> 
     </span>
    </p>
   </div>
   <div class='ocr_carea' id='block_1_6' title="bbox 1150 1923 1900 2924">
    <p class='ocr_par' dir='ltr' id='par_1_9' title="bbox 1151 1923 1898 2392">
     <span class='ocr_line' id='line_1_42' title="bbox 1152 1923 1898 1974; baseline 0.001 -10"><span class='ocrx_word' id='word_1_235' title='bbox 1152 1933 1251 1964; x_wconf 87' lang='lat' dir='ltr'>cas</span> <span class='ocrx_word' id='word_1_236' title='bbox 1291 1927 1351 1964; x_wconf 83' lang='lat' dir='ltr'>ut</span> <span class='ocrx_word' id='word_1_237' title='bbox 1392 1928 1468 1974; x_wconf 75' lang='grc' dir='ltr'>βπ.</span> <span class='ocrx_word' id='word_1_238' title='bbox 1519 1923 1789 1967; x_wconf 89' lang='lat' dir='ltr'>collocas</span> <span class='ocrx_word' id='word_1_239' title='bbox 1837 1927 1898 1966; x_wconf 84' lang='lat' dir='ltr'>ut</span> 
     </span>
     <span class='ocr_line' id='line_1_43' title="bbox 1153 1979 1898 2035; baseline 0.004 -13"><span class='ocrx_word' id='word_1_240' title='bbox 1153 1979 1232 2023; x_wconf 90' lang='lat' dir='ltr'>rel.</span> <span class='ocrx_word' id='word_1_241' title='bbox 1266 1981 1420 2035; x_wconf 86' lang='lat' dir='ltr'>pullus</span> <span class='ocrx_word' id='word_1_242' title='bbox 1452 1983 1600 2026; x_wconf 90' lang='lat' dir='ltr'>elixus</span> <span class='ocrx_word' id='word_1_243' title='bbox 1639 1996 1740 2026; x_wconf 90' lang='lat' dir='ltr'>cum</span> <span class='ocrx_word' id='word_1_244' title='bbox 1774 1981 1898 2025; x_wconf 86' lang='lat' dir='ltr'>colo-</span> 
     </span>
     <span class='ocr_line' id='line_1_44' title="bbox 1153 2038 1895 2086; baseline 0.004 -5"><span class='ocrx_word' id='word_1_245' title='bbox 1153 2038 1289 2083; x_wconf 88' lang='lat' dir='ltr'>casiis</span> <span class='ocrx_word' id='word_1_246' title='bbox 1322 2041 1421 2084; x_wconf 88' lang='lat'>247.</span> <span class='ocrx_word' id='word_1_247' title='bbox 1465 2041 1639 2086; x_wconf 90' lang='lat' dir='ltr'>bubula</span> <span class='ocrx_word' id='word_1_248' title='bbox 1678 2055 1777 2085; x_wconf 90' lang='lat' dir='ltr'>cum</span> <span class='ocrx_word' id='word_1_249' title='bbox 1811 2040 1895 2085; x_wconf 88' lang='lat' dir='ltr'>col.</span> 
     </span>
     <span class='ocr_line' id='line_1_45' title="bbox 1151 2097 1898 2154; baseline 0.004 -14"><span class='ocrx_word' id='word_1_250' title='bbox 1151 2097 1252 2141; x_wconf 83' lang='grc'><strong>356.</strong></span> <span class='ocrx_word' id='word_1_251' title='bbox 1299 2100 1453 2154; x_wconf 91' lang='lat' dir='ltr'>pullus</span> <span class='ocrx_word' id='word_1_252' title='bbox 1501 2114 1602 2145; x_wconf 86' lang='lat' dir='ltr'>cum</span> <span class='ocrx_word' id='word_1_253' title='bbox 1650 2100 1898 2145; x_wconf 89' lang='lat' dir='ltr'>cucurbitis</span> 
     </span>
     <span class='ocr_line' id='line_1_46' title="bbox 1151 2156 1895 2204; baseline 0.004 -5"><span class='ocrx_word' id='word_1_254' title='bbox 1151 2156 1251 2199; x_wconf 87' lang='lat'>246.</span> <span class='ocrx_word' id='word_1_255' title='bbox 1283 2184 1336 2190; x_wconf 90' lang='lat'><em>-</em></span> <span class='ocrx_word' id='word_1_256' title='bbox 1370 2164 1431 2203; x_wconf 87' lang='lat' dir='ltr'>ut</span> <span class='ocrx_word' id='word_1_257' title='bbox 1463 2160 1729 2203; x_wconf 88' lang='lat' dir='ltr'>bulliant</span> <span class='ocrx_word' id='word_1_258' title='bbox 1762 2159 1895 2204; x_wconf 88' lang='lat' dir='ltr'>codd.</span> 
     </span>
     <span class='ocr_line' id='line_1_47' title="bbox 1152 2218 1898 2274; baseline 0.003 -15"><span class='ocrx_word' id='word_1_259' title='bbox 1152 2241 1206 2246; x_wconf 98' lang='lat'><strong>—</strong></span> <span class='ocrx_word' id='word_1_260' title='bbox 1241 2219 1523 2274; x_wconf 70' lang='lat' dir='ltr'>ung-ellae</span> <span class='ocrx_word' id='word_1_261' title='bbox 1557 2219 1691 2263; x_wconf 86' lang='lat' dir='ltr'>codd.</span> <span class='ocrx_word' id='word_1_262' title='bbox 1725 2219 1824 2262; x_wconf 83' lang='lat'>372.</span> <span class='ocrx_word' id='word_1_263' title='bbox 1860 2218 1898 2262; x_wconf 91' lang='lat' dir='ltr'>si</span> 
     </span>
     <span class='ocr_line' id='line_1_48' title="bbox 1151 2273 1898 2327; baseline 0.006 -10"><span class='ocrx_word' id='word_1_264' title='bbox 1151 2273 1302 2327; x_wconf 86' lang='lat' dir='ltr'>fuerit,</span> <span class='ocrx_word' id='word_1_265' title='bbox 1351 2278 1565 2322; x_wconf 84' lang='lat' dir='ltr'>ancellas.</span> <span class='ocrx_word' id='word_1_266' title='bbox 1617 2304 1670 2309; x_wconf 93' lang='lat'>—-</span> <span class='ocrx_word' id='word_1_267' title='bbox 1731 2278 1898 2322; x_wconf 90' lang='lat' dir='ltr'>bole-</span> 
     </span>
     <span class='ocr_line' id='line_1_49' title="bbox 1151 2335 1791 2392; baseline 0.006 -16"><span class='ocrx_word' id='word_1_268' title='bbox 1151 2335 1271 2378; x_wconf 89' lang='lat' dir='ltr'>tari</span> <span class='ocrx_word' id='word_1_269' title='bbox 1300 2337 1346 2380; x_wconf 90' lang='lat' dir='ltr'>in</span> <span class='ocrx_word' id='word_1_270' title='bbox 1380 2351 1470 2382; x_wconf 91' lang='lat' dir='ltr'>uno</span> <span class='ocrx_word' id='word_1_271' title='bbox 1503 2342 1534 2389; x_wconf 83' lang='grc' dir='ltr'>β</span> <span class='ocrx_word' id='word_1_272' title='bbox 1564 2351 1648 2392; x_wconf 89' lang='lat' dir='ltr'>pro</span> <span class='ocrx_word' id='word_1_273' title='bbox 1681 2337 1791 2381; x_wconf 91' lang='lat' dir='ltr'>vol.</span> 
     </span>
    </p>

    <p class='ocr_par' dir='ltr' id='par_1_10' title="bbox 1150 2395 1896 2569">
     <span class='ocr_line' id='line_1_50' title="bbox 1239 2395 1895 2440; baseline 0 -2"><span class='ocrx_word' id='word_1_274' title='bbox 1239 2395 1300 2438; x_wconf 85' lang='lat' dir='ltr'>ad</span> <span class='ocrx_word' id='word_1_275' title='bbox 1332 2398 1430 2439; x_wconf 76' lang='lat'>219.</span> <span class='ocrx_word' id='word_1_276' title='bbox 1495 2401 1550 2440; x_wconf 84' lang='lat' dir='ltr'>et</span> <span class='ocrx_word' id='word_1_277' title='bbox 1593 2395 1895 2440; x_wconf 88' lang='lat' dir='ltr'>coriandri</span> 
     </span>
     <span class='ocr_line' id='line_1_51' title="bbox 1150 2454 1896 2502; baseline -0.008 0"><span class='ocrx_word' id='word_1_278' title='bbox 1150 2455 1192 2502; x_wconf 64' lang='lat' dir='ltr'>fi·</span> <span class='ocrx_word' id='word_1_279' title='bbox 1235 2478 1281 2483; x_wconf 74' lang='lat'>—</span> <span class='ocrx_word' id='word_1_280' title='bbox 1318 2454 1506 2500; x_wconf 87' lang='lat' dir='ltr'>facies</span> <span class='ocrx_word' id='word_1_281' title='bbox 1540 2469 1596 2499; x_wconf 89' lang='lat' dir='ltr'>ex</span> <span class='ocrx_word' id='word_1_282' title='bbox 1620 2456 1658 2499; x_wconf 80' lang='lat'>8.</span> <span class='ocrx_word' id='word_1_283' title='bbox 1678 2456 1778 2500; x_wconf 85' lang='lat'>234.</span> <span class='ocrx_word' id='word_1_284' title='bbox 1798 2455 1896 2498; x_wconf 83' lang='lat'>253.</span> 
     </span>
     <span class='ocr_line' id='line_1_52' title="bbox 1150 2511 1606 2569; baseline 0.007 -15"><span class='ocrx_word' id='word_1_285' title='bbox 1150 2511 1252 2555; x_wconf 81' lang='lat'>332.</span> <span class='ocrx_word' id='word_1_286' title='bbox 1286 2528 1371 2569; x_wconf 90' lang='lat' dir='ltr'>pro</span> <span class='ocrx_word' id='word_1_287' title='bbox 1403 2513 1606 2558; x_wconf 85' lang='lat' dir='ltr'>faciet.</span> 
     </span>
    </p>

    <p class='ocr_par' dir='ltr' id='par_1_11' title="bbox 1150 2571 1900 2924">
     <span class='ocr_line' id='line_1_53' title="bbox 1240 2571 1898 2627; baseline -0.003 -11"><span class='ocrx_word' id='word_1_288' title='bbox 1240 2573 1300 2616; x_wconf 89' lang='lat' dir='ltr'>ad</span> <span class='ocrx_word' id='word_1_289' title='bbox 1333 2575 1432 2617; x_wconf 90' lang='lat'>220.</span> <span class='ocrx_word' id='word_1_290' title='bbox 1483 2573 1688 2618; x_wconf 86' lang='lat' dir='ltr'>exelix.</span> <span class='ocrx_word' id='word_1_291' title='bbox 1722 2573 1769 2616; x_wconf 88' lang='lat' dir='ltr'>in</span> <span class='ocrx_word' id='word_1_292' title='bbox 1800 2571 1898 2627; x_wconf 87' lang='lat' dir='ltr'>plu-</span> 
     </span>
     <span class='ocr_line' id='line_1_54' title="bbox 1151 2628 1900 2677; baseline 0.001 -5"><span class='ocrx_word' id='word_1_293' title='bbox 1151 2628 1278 2676; x_wconf 90' lang='lat' dir='ltr'>ribus</span> <span class='ocrx_word' id='word_1_294' title='bbox 1311 2633 1445 2677; x_wconf 89' lang='lat' dir='ltr'>codd.</span> <span class='ocrx_word' id='word_1_295' title='bbox 1482 2658 1536 2664; x_wconf 94' lang='lat'>—-</span> <span class='ocrx_word' id='word_1_296' title='bbox 1582 2633 1812 2675; x_wconf 91' lang='lat' dir='ltr'>mirtam</span> <span class='ocrx_word' id='word_1_297' title='bbox 1844 2634 1900 2674; x_wconf 91' lang='lat' dir='ltr'>et</span> 
     </span>
     <span class='ocr_line' id='line_1_55' title="bbox 1150 2688 1895 2748; baseline -0.009 -10"><span class='ocrx_word' id='word_1_298' title='bbox 1150 2695 1205 2738; x_wconf 89' lang='lat' dir='ltr'>b.</span> <span class='ocrx_word' id='word_1_299' title='bbox 1239 2692 1285 2735; x_wconf 89' lang='lat' dir='ltr'>in</span> <span class='ocrx_word' id='word_1_300' title='bbox 1316 2705 1411 2743; x_wconf 87' lang='lat' dir='ltr'>sex,</span> <span class='ocrx_word' id='word_1_301' title='bbox 1444 2690 1734 2748; x_wconf 87' lang='lat' dir='ltr'>myrthum</span> <span class='ocrx_word' id='word_1_302' title='bbox 1767 2693 1822 2733; x_wconf 88' lang='lat' dir='ltr'>et</span> <span class='ocrx_word' id='word_1_303' title='bbox 1852 2688 1895 2732; x_wconf 93' lang='lat' dir='ltr'>b.</span> 
     </span>
     <span class='ocr_line' id='line_1_56' title="bbox 1150 2747 1895 2808; baseline -0.009 -11"><span class='ocrx_word' id='word_1_304' title='bbox 1150 2753 1224 2798; x_wconf 87' lang='lat' dir='ltr'>ed.</span> <span class='ocrx_word' id='word_1_305' title='bbox 1260 2765 1326 2807; x_wconf 90' lang='lat' dir='ltr'>pr.</span> <span class='ocrx_word' id='word_1_306' title='bbox 1359 2750 1641 2808; x_wconf 88' lang='lat' dir='ltr'>myrtham</span> <span class='ocrx_word' id='word_1_307' title='bbox 1674 2753 1731 2793; x_wconf 86' lang='lat' dir='ltr'>et</span> <span class='ocrx_word' id='word_1_308' title='bbox 1761 2748 1811 2792; x_wconf 92' lang='lat' dir='ltr'>b.</span> <span class='ocrx_word' id='word_1_309' title='bbox 1840 2747 1895 2790; x_wconf 89' lang='lat' dir='ltr'>H.</span> 
     </span>
     <span class='ocr_line' id='line_1_57' title="bbox 1151 2807 1895 2857; baseline -0.009 -1"><span class='ocrx_word' id='word_1_310' title='bbox 1151 2811 1208 2857; x_wconf 82' lang='lat' dir='ltr'>cf.</span> <span class='ocrx_word' id='word_1_311' title='bbox 1243 2811 1314 2854; x_wconf 87' lang='grc'>24.</span> <span class='ocrx_word' id='word_1_312' title='bbox 1347 2810 1418 2853; x_wconf 86' lang='grc'>43.</span> <span class='ocrx_word' id='word_1_313' title='bbox 1438 2810 1536 2853; x_wconf 85' lang='grc'><strong>273.</strong></span> <span class='ocrx_word' id='word_1_314' title='bbox 1558 2809 1657 2852; x_wconf 88' lang='lat'>281.</span> <span class='ocrx_word' id='word_1_315' title='bbox 1678 2807 1778 2850; x_wconf 83' lang='grc'><strong>286.</strong></span> <span class='ocrx_word' id='word_1_316' title='bbox 1795 2807 1895 2850; x_wconf 90' lang='grc'><strong>332.</strong></span> 
     </span>
     <span class='ocr_line' id='line_1_58' title="bbox 1150 2865 1824 2924; baseline -0.006 -11"><span class='ocrx_word' id='word_1_317' title='bbox 1150 2896 1204 2902; x_wconf 72' lang='lat'>-—</span> <span class='ocrx_word' id='word_1_318' title='bbox 1237 2869 1348 2913; x_wconf 90' lang='lat' dir='ltr'>mel</span> <span class='ocrx_word' id='word_1_319' title='bbox 1381 2881 1483 2913; x_wconf 84' lang='lat' dir='ltr'>oum</span> <span class='ocrx_word' id='word_1_320' title='bbox 1515 2867 1568 2912; x_wconf 91' lang='lat' dir='ltr'>H.</span> <span class='ocrx_word' id='word_1_321' title='bbox 1602 2879 1686 2924; x_wconf 88' lang='lat' dir='ltr'>pro</span> <span class='ocrx_word' id='word_1_322' title='bbox 1718 2865 1824 2911; x_wconf 86' lang='lat' dir='ltr'>vel.</span> 
     </span>
    </p>
   </div>
  </div>
 </body>
</html>
