2066 3276
303 207 405 258 142
848 206 949 250 Lib.
978 206 1075 249 VII.
1125 206 1366 251 Politeles.

410 339 533 390 287.
588 338 700 389 Ius
739 337 805 388 in
858 339 1112 390 elixam
1166 344 1521 390 anetatum
1575 339 1879 391 crudum:

296 412 466 480 piper,
489 410 631 463 aneti
659 427 859 477 semen,
900 416 1129 464 mentam
1159 412 1371 478 siccam,
1411 412 1598 464 lasaris
1626 411 1881 478 radicem,

298 483 557 536 suffundis
598 488 825 550 acetum,
867 484 1068 537 adicies
1109 485 1376 550 cariotam,
1417 486 1538 549 mel,
1591 485 1878 551 liquamen,

298 557 512 624 senapis
540 557 822 623 modicum,
852 559 1042 624 oleum,
1085 557 1306 610 defricto
1336 558 1657 625 temperabis
1699 563 1750 610 et
1777 558 1880 610 hoc

298 631 538 683 colorare
576 630 803 697 pergitO.

411 705 533 756 288.
596 705 708 756 Ius
746 704 813 755 in
854 703 1105 756 elixam
1148 704 1554 756 allecatum:
1611 705 1782 774 piper,
1824 704 1882 755 li-

298 776 559 843 gisticum,
602 794 829 844 careum,
859 777 948 845 api
976 794 1175 843 semen,
1205 778 1402 843 timum,
1434 778 1712 847 cepullam‚
1757 778 1881 830 dac-

297 851 462 918 tilum,
517 851 741 904 allecem
782 851 1027 914 colatum,
1083 851 1187 903 mel
1242 856 1293 904 et
1344 852 1540 918 vinum,
1595 856 1879 921 temperas.

298 925 477 992 apium
516 924 739 977 viridem
775 925 1044 978 concisum
1074 941 1233 995 super
1261 925 1521 995 aspargis.
1569 926 1744 977 oleum
1770 925 1883 976 mit-

297 999 364 1051 tis
406 1002 458 1051 et
494 997 706 1052 inferes,

409 1072 533 1125 289.
614 1072 1058 1126 Ventricula.
1139 1073 1463 1125 Ventrem
1521 1071 1885 1143 porcinum

298 1146 436 1200 bene
489 1145 781 1212 exinanieS,
837 1151 990 1200 aceto
1048 1151 1099 1199 et
1139 1146 1269 1212 sale,
1324 1150 1515 1215 postea
1554 1162 1694 1212 aqua
1732 1145 1885 1198 lavas

301 1225 353 1274 et
391 1220 468 1273 sic
504 1219 642 1273 hanc
669 1219 951 1290 inpensam
976 1221 1177 1291 inples:
1219 1220 1436 1290 pulpam
1465 1219 1741 1289 porcinam
1771 1224 1884 1270 tun-

298 1310 412 1346 sam
452 1294 641 1360 tritam,
694 1293 770 1346 ita
823 1299 875 1347 et
928 1300 1182 1347 enervata
1238 1293 1566 1346 conmisceas
1618 1293 1887 1346 cerebella

296 1367 398 1420 tria
438 1372 490 1421 et
542 1384 644 1420 ova
698 1367 880 1434 cruda,
937 1367 1019 1420 cui
1072 1368 1290 1421 nucleos
1341 1366 1574 1419 infundis
1629 1371 1681 1419 et
1732 1366 1887 1437 piper

297 1441 561 1508 integrum
600 1442 758 1494 mittis
800 1446 852 1494 et
889 1441 990 1495 hoc
1029 1441 1143 1495 iure
1182 1446 1478 1511 temperas:
1531 1445 1672 1493 teres
1711 1440 1882 1510 piper,

298 1515 601 1582 ligisticum,
642 1515 763 1590 silfi²
799 1531 1036 1582 anesum,
1092 1515 1352 1583 gingiber,
1406 1519 1557 1567 rutae
1596 1513 1883 1579 modicum,

298 1660 536 1703 porrum
595 1651 825 1691 coctum
883 1653 933 1690 ut
986 1647 1048 1690 sit

300 1705 427 1762 quod
468 1706 698 1750 modicum
742 1708 813 1750 31.
855 1707 952 1749 272.
989 1704 1046 1749 cf.

301 1765 534 1808 minimum
575 1766 795 1820 piretrum
834 1765 905 1809 45.
949 1766 1048 1820 gin-

300 1824 434 1879 giber
465 1824 534 1868 50.
569 1823 690 1868 forte
713 1837 915 1879 parum
937 1836 1047 1879 pau-

299 1896 416 1933 cum,
449 1883 654 1926 Hildebr.
698 1884 758 1926 ad
802 1883 943 1938 Apul.
989 1883 1044 1925 II.

298 1955 346 1997 p
380 1942 447 1984 70.
466 1942 605 2055 pFuss
648 1943 693 1985 in
735 1942 860 1985 Iahn.
902 1941 1046 1985 Arch.

298 2000 423 2044 XIX.
466 2014 510 2055 p.
553 2001 653 2044 450.
696 2014 823 2056 seqq.
861 2026 894 2030 -
903 2001 1049 2044 ba-

300 2072 436 2110 cam,
459 2060 655 2110 bacas,
680 2059 1047 2103 vaccascodd.

390 2093 451 2161 ad
468 2119 566 2161 287.
589 2123 892 2161 anetatam
913 2118 1047 2161 codd.

300 2177 422 2221 idem
456 2176 551 2220 fere
582 2178 652 2221 ius
680 2178 725 2219 in
754 2177 928 2232 pullum
948 2177 1047 2220 238.

299 2236 361 2280 ad
393 2248 528 2292 quam
561 2248 617 2279 ea
642 2236 919 2291 compositio
946 2249 1046 2290 per-

300 2296 446 2338 tinere
479 2294 675 2346 videtur,
708 2295 782 2339 vel
811 2295 1047 2338 meliorem

300 2355 452 2398 locum
496 2352 639 2398 habet
691 2359 799 2408 post
846 2354 944 2397 219.
999 2379 1052 2383 --

302 2413 435 2457 codd.
517 2411 790 2456 defricto
815 2446 825 2463 ‚
919 2412 1053 2456 oleo

301 2477 475 2526 temp.
535 2476 592 2515 et
649 2471 755 2515 hoc
819 2471 1054 2515 collare

303 2530 378 2585 (in
441 2530 582 2573 coll.
644 2532 725 2583 βπ)
787 2530 1053 2585 porcino.

301 2601 437 2633 unam
479 2601 641 2632 vocem
689 2589 957 2643 transposui
1003 2593 1055 2632 ut

306 2648 446 2703 „hoe“
490 2646 716 2691 referatur
760 2647 821 2690 ad
863 2646 1054 2699 „defric-

302 2711 380 2752 t0“
428 2705 485 2750 cf.
529 2707 630 2750 238.
674 2706 781 2750 coll.
818 2707 914 2749 192.
953 2707 1051 2750 156.

302 2767 406 2813 284.
439 2767 538 2811 337.
572 2766 633 2809 ad
665 2766 733 2809 67.
769 2789 823 2796 -—-
867 2764 1052 2808 colla-

304 2839 362 2871 re
396 2829 523 2871 certo
565 2824 734 2869 certius
783 2824 1057 2868 colorare

1139 1651 1294 1691 estut
1325 1647 1423 1690 275.
1460 1671 1513 1677 —
1547 1659 1603 1690 ex
1634 1646 1887 1701 porcino

1139 1705 1282 1749 facias
1316 1705 1454 1748 etiam
1487 1718 1596 1760 por
1608 1706 1759 1760 gito,
1801 1704 1887 1748 Te-

1138 1769 1252 1809 rent.
1286 1763 1379 1806 Ad.
1414 1765 1456 1815 5,
1488 1765 1529 1815 3,
1562 1763 1632 1806 53.
1678 1768 1725 1807 et
1757 1763 1887 1807 resti-

1140 1829 1243 1867 tuas
1295 1824 1655 1878 „exporgerent“
1721 1822 1887 1866 Tacito

1138 1895 1241 1925 ann.
1279 1881 1349 1932 14,
1384 1882 1515 1925 7.vel
1534 1881 1663 1936 legas
1697 1886 1756 1924 et
1782 1881 1890 1924 hoc

1139 1942 1275 1985 sine
1309 1941 1511 1984 colore
1544 1940 1797 1995 porgito
1830 1940 1888 1982 si-

1140 2014 1197 2044 ne
1231 1998 1427 2043 defricto
1462 1999 1703 2054 porrigito.

1229 2059 1291 2101 ad
1335 2059 1432 2101 288.
1498 2063 1550 2101 ut
1595 2059 1665 2100 ius
1708 2061 1890 2101 antece-

1142 2118 1254 2161 dens
1288 2117 1346 2160 ab
1380 2121 1534 2167 aneto,
1574 2117 1642 2159 sic
1672 2115 1798 2159 istud
1831 2115 1889 2158 ab

1139 2177 1285 2220 allece
1334 2188 1498 2219 nomen
1552 2175 1704 2218 habet.
1750 2174 1891 2217 alli-

1138 2241 1336 2291 gatam
1370 2234 1504 2278 codd.
1547 2259 1594 2263 -
1641 2246 1813 2276 careo
1847 2233 1891 2275 in

1139 2307 1234 2345 sex,
1269 2306 1537 2337 carenum
1570 2305 1666 2347 par.
1702 2297 1749 2336 et
1775 2305 1890 2335 sem—

1144 2366 1227 2408 per
1259 2351 1367 2396 fere.
1406 2377 1458 2384 —
1502 2351 1676 2395 melle
1720 2355 1775 2394 et
1805 2350 1893 2394 vi-

1145 2425 1270 2455 num
1302 2412 1346 2454 in
1380 2424 1472 2455 sex.
1518 2410 1691 2454 melle
1724 2414 1782 2453 et
1812 2409 1893 2452 vi-

1144 2484 1213 2514 no
1247 2476 1289 2514 t.
1324 2470 1395 2513 ed.
1436 2483 1503 2525 pr.
1545 2469 1598 2512 H.
1645 2493 1697 2498 -—
1742 2467 1892 2511 inci-

1145 2543 1265 2574 sum
1300 2528 1433 2572 codd.

1234 2588 1295 2631 ad
1327 2588 1427 2631 289.
1482 2585 1815 2630 ventriculi
1863 2600 1894 2624 π

1145 2647 1199 2690 Η.
1234 2647 1453 2702 intellege
1477 2643 1765 2690 stomachum
1783 2643 1894 2687 suil-

1145 2706 1238 2749 lum
1281 2706 1401 2749 callo
1445 2705 1639 2759 aliisque
1684 2702 1894 2747 carnibus

1149 2763 1383 2815 refertum,
1456 2763 1892 2818 schwartenmagen.

1150 2849 1204 2855 «-
1238 2828 1469 2867 tunsam
1504 2835 1559 2867 ex
1586 2821 1653 2864 74.
1672 2834 1756 2876 pro
1775 2825 1894 2863 ton-
