2066 3276
717 231 817 276 Lib.
839 231 918 276 VI.
982 231 1222 286 Tropetes.

1640 231 1741 283 127

268 367 393 424 243.
464 365 727 417 Pullum
781 365 1202 416 lasaratum:
1270 362 1471 430 pullum
1530 362 1744 430 aperies

155 457 188 491 a
227 440 366 505 navi,
407 439 629 504 lavabiS,
671 439 883 490 ornabis
925 442 976 489 et
1012 438 1067 489 in
1108 454 1333 490 cumana
1367 452 1554 503 pones.
1599 441 1743 488 teres

154 514 325 582 piper,
375 512 675 579 ligisticum,
715 512 859 564 lasar
897 512 1089 577 vivum,
1144 510 1403 562 suffundis
1455 509 1741 575 liquamen.

154 587 277 638 vino
320 591 372 639 et
410 585 696 652 liquamine
736 584 1060 654 temperabis
1115 590 1166 636 et
1204 583 1363 635 mittis
1405 583 1567 653 pullo.
1625 599 1742 636 coc-

153 665 237 712 tus
277 660 322 712 si
360 659 531 725 fuerit,
574 660 762 728 pipere
802 675 1079 728 asparsum
1116 657 1330 710 inferes,

267 734 390 786 244.
449 733 711 785 Pullum
768 737 1162 800 paroptum:
1217 730 1406 783 lasaris
1459 730 1742 797 modicum,

153 806 354 877 piperis
406 806 668 874 scripulos
720 806 809 857 VI.
875 806 978 858 olei
1033 805 1387 870 acetabulum,
1441 803 1743 870 liquaminis

153 881 506 946 acetabulum,
550 879 841 945 petrosilini
883 878 1165 931 modicum.

264 955 387 1006 245.
430 954 698 1005 Pullum
753 952 1009 1005 elixum
1065 970 1143 1004 ex
1194 952 1345 1004 iure
1399 967 1548 1003 suo:
1602 956 1743 1005 teres

151 1027 320 1095 piper,
363 1027 627 1093 ciminum,
656 1026 767 1078 timi
798 1026 1081 1092 modicum,
1123 1025 1339 1078 feniculi
1368 1041 1569 1092 semen,
1598 1042 1743 1079 men-

150 1106 274 1167 tam,
316 1106 502 1167 rutam,
545 1101 732 1153 lasaris
774 1100 1030 1166 radicem,
1072 1099 1332 1153 suffundis
1361 1103 1587 1165 acetum,
1631 1099 1744 1152 adi-

152 1175 261 1228 cies
302 1175 556 1228 cariotam
598 1180 650 1228 et
687 1179 828 1227 teres
881 1174 1055 1240 melle,
1111 1179 1282 1240 acet0,
1336 1172 1623 1239 liquamine
1677 1190 1746 1226 ex

152 1250 270 1302 oleo
311 1249 652 1319 temperabis.
694 1249 896 1315 pullum
937 1248 1307 1315 refrigeratum
1351 1252 1403 1300 et
1442 1247 1602 1300 mittis
1641 1247 1742 1301 sic-

151 1328 342 1390 catum,
385 1339 541 1390 quem
581 1322 853 1393 perfusum
892 1322 1106 1376 inferes.

264 1399 386 1450 246.
428 1397 694 1449 Pullum
736 1396 995 1449 elixum
1031 1413 1173 1449 cum
1211 1394 1603 1449 cucur-bitis
1632 1394 1744 1448 eli-

149 1469 282 1523 xis:
348 1471 460 1524 iure
511 1487 674 1541 supra
725 1470 921 1538 scripto
988 1470 1171 1523 addito
1226 1469 1414 1537 senapi
1467 1468 1745 1539 perfundis

150 1549 202 1598 et
238 1544 452 1598 inferes,

260 1620 380 1671 247.
423 1619 687 1671 Pullum
730 1617 990 1671 elixum
1033 1634 1179 1670 cum
1222 1616 1610 1670 colocasiis
1640 1615 1746 1670 elis

150 1692 283 1745 xis:
325 1709 486 1760 supra
524 1693 721 1760 scripto
761 1691 874 1745 iure
915 1690 1197 1759 perfundis
1241 1696 1292 1744 et
1330 1689 1547 1744 inferes,

150 1851 326 1898 sabano
367 1854 514 1899 siccas
556 1853 657 1898 237.
705 1855 803 1897 239.
843 1879 894 1883 --

149 1913 320 1968 piper
352 1919 409 1958 et
441 1926 607 1957 assas
641 1913 776 1956 codd.

239 1972 298 2015 ad
332 1973 429 2016 243.
466 1973 787 2017 laseratum
824 1971 895 2016 ed.

151 2043 220 2086 pr.
268 2031 321 2074 H.
373 2033 523 2088 qualis
563 2037 633 2075 est
665 2031 896 2087 porcellus

150 2090 252 2134 393.
296 2104 379 2145 pro
423 2096 804 2142 rasseratum‚
852 2091 897 2133 in

151 2152 208 2189 θκ
239 2149 416 2193 lacuna.
459 2175 512 2182 -
556 2163 584 2193 a
626 2151 756 2193 navi
799 2149 895 2193 240.

150 2210 392 2263 aperies
426 2223 482 2254 ex
513 2222 610 2264 par.
639 2209 694 2251 H.
714 2223 798 2265 pro
817 2221 898 2252 as-

150 2280 379 2324 parges.
402 2295 454 2299 —-
490 2269 589 2312 las.
626 2269 825 2312 vivum
844 2282 900 2312 ex

151 2331 182 2377 β
213 2331 260 2370 et
291 2329 390 2371 393.
425 2328 540 2371 Plin.
579 2327 734 2371 Valer.
769 2327 897 2378 2,15.

151 2398 236 2440 pro
270 2386 444 2438 laser,
477 2387 686 2437 vinum,
729 2399 826 2442 par.
860 2386 898 2429 l.

152 2450 370 2501 tymum
414 2445 470 2489 cf.
506 2446 607 2489 226.
643 2472 696 2477 —
737 2445 900 2501 pullo

153 2515 269 2547 corr.
316 2518 400 2559 pro
449 2505 694 2559 pullum,
743 2509 794 2548 ut
841 2506 903 2548 sit

155 2563 280 2618 quod
313 2564 600 2608 reexinanies
632 2564 903 2608 mortarium

153 2635 294 2677 supra
326 2623 501 2678 pullum
534 2623 635 2667 249.

243 2682 303 2725 ad
322 2683 421 2726 244.
447 2681 901 2738 paroptumnozq-

156 2756 306 2791 οπτον,
339 2747 559 2786 assatum.
596 2742 668 2786 cui
694 2755 787 2784 non
806 2741 904 2796 pla-

155 2804 229 2844 cet
276 2801 405 2857 legat
453 2813 781 2857 parcopum
830 2801 904 2845 vel

154 2866 539 2918 parcoptum‚
582 2867 904 2917 paracoptum‚

990 1853 1286 1908 παράκοπτον,
1300 1858 1550 1903 exsectum,
1566 1858 1744 1897 castra-

990 1919 1099 1957 tum.
1133 1913 1251 1956 Plin.
1287 1914 1356 1964 10,
1391 1913 1459 1957 50.
1497 1912 1671 1956 Colum.
1701 1912 1743 1963 8,

991 1975 1031 2023 2,
1049 1975 1089 2016 3.
1125 1985 1302 2027 capum,
1334 1972 1530 2028 chapon,
1553 1971 1743 2026 kapaun

996 2033 1093 2079 173.
1128 2032 1201 2075 vel
1235 2037 1601 2086 percoctum.

1079 2091 1140 2134 ad
1173 2090 1273 2134 245.
1338 2090 1444 2146 liq.
1495 2103 1561 2133 ex
1609 2089 1745 2133 oleo

990 2151 1206 2205 γαρελαίῳ.
1243 2176 1294 2180 -
1326 2150 1372 2192 in
1406 2149 1541 2193 codd.
1577 2150 1745 2192 articu-

992 2210 1062 2253 lus
1107 2214 1180 2253 est
1222 2213 1330 2253 ante
1365 2209 1508 2252 verba
1543 2208 1746 2263 „pullum

991 2267 1124 2313 refr.“
1162 2281 1303 2323 quare
1337 2268 1466 2312 locus
1494 2268 1744 2311 lacunosus

992 2328 1194 2371 videtur.
1225 2327 1266 2371 si
1295 2341 1388 2371 non
1417 2331 1502 2378 est,
1537 2327 1743 2381 corrigas

992 2387 1160 2442 pullo
1234 2385 1605 2442 refrigerato
1689 2389 1748 2428 et

994 2446 1228 2489 siccato
1278 2446 1485 2496 mittis,
1534 2458 1575 2500 q.
1624 2458 1666 2499 p.
1717 2444 1745 2488 i.

996 2504 1051 2548 cf.
1087 2505 1185 2548 238.
1223 2506 1322 2548 276.

1085 2564 1146 2607 ad
1179 2564 1277 2607 246.
1313 2563 1374 2607 ad
1393 2578 1495 2609 eum
1514 2577 1645 2607 usum
1672 2576 1746 2607 cu-

996 2623 1205 2667 curbitae
1240 2622 1295 2667 cf.
1334 2622 1402 2666 74.
1427 2624 1527 2667 218.
1562 2623 1745 2667 coloca-

995 2683 1090 2727 siae
1134 2683 1233 2726 218.
1279 2683 1378 2725 247.
1425 2708 1479 2715 —
1523 2694 1747 2736 senape

996 2742 1133 2787 codd.
1176 2755 1291 2785 corr.
1330 2755 1386 2786 ex
1420 2742 1520 2786 127.
1564 2766 1617 2771 -—
1661 2741 1746 2796 pi-

994 2815 1098 2857 per
1145 2800 1345 2845 fundis
1394 2801 1530 2845 codd.
1579 2801 1748 2855 piper

995 2874 1059 2917 pe
1075 2860 1217 2911 rf.-.8.
1255 2874 1368 2904 corr.
1406 2874 1462 2904 ex
1496 2859 1594 2903 247.
