2066 3276
334 260 433 311 132

857 258 958 302 Lib.
990 256 1092 301 VII.
1155 254 1396 300 Politeles.

326 390 466 442 mine
506 394 819 456 temperat0‚
861 405 1120 456 appones.
1176 389 1239 439 In
1277 387 1435 438 vulva
1464 385 1551 457 [et]
1593 387 1798 440 sterile:
1832 387 1908 456 pi-

326 480 438 531 per,
488 463 577 529 api
617 479 814 528 semen,
868 467 1099 514 mentam
1145 461 1359 525 siccam,
1411 460 1598 512 lasaris
1649 460 1904 525 radicem,

326 537 448 602 mel,
489 533 699 589 ac‘e'tum
740 541 791 588 et
829 535 1112 601 liquamen.
1155 535 1358 586 Vulvae
1400 531 1487 604 [et]
1542 533 1776 586 steriles:
1836 534 1913 600 pi-

326 626 474 676 pere,
533 609 837 674 liquamine,
890 610 1065 661 lasare
1118 607 1340 674 particO,
1396 608 1638 673 apponis.
1710 607 1913 658 Vulvae

328 682 562 735 steriles:
604 683 806 752 pipere,
854 682 1141 748 liquamine
1182 685 1234 733 et
1273 679 1485 732 condito
1538 679 1767 745 modi00‚
1818 696 1911 748 ap-

327 756 500 824 ponis,

442 831 563 881 259.
608 828 885 894 Callum,
926 827 1179 893 libelli,
1231 826 1611 893 coticulae,
1666 825 1916 892 ungel-

328 904 466 956 lae:
507 903 711 971 pipere,
752 901 1055 968 liquamine,
1098 901 1288 967 lasare,
1331 900 1573 970 apponis.

330 1122 428 1152 rum
461 1111 509 1152 et
540 1106 838 1163 opsoniorum
882 1119 999 1162 quae
1033 1107 1079 1150 in

332 1181 387 1213 eo
423 1166 666 1210 traduntur
710 1166 845 1221 copia
888 1170 934 1209 et
966 1165 1079 1209 mul-

331 1226 529 1271 titudine
563 1226 788 1281 exposita,
829 1225 966 1268 suillo
998 1238 1080 1280 po-

332 1285 557 1330 tissimum
602 1298 626 1328 6
674 1297 842 1339 pecore
890 1288 941 1327 ut
988 1296 1079 1338 quo

331 1347 510 1401 ganeae
567 1343 741 1386 nullum
798 1342 902 1398 plus
951 1355 1079 1397 prae-

331 1404 484 1448 buerit
516 1402 737 1446 materIae
762 1407 809 1445 et
827 1402 956 1445 cuius
975 1414 1080 1444 con-

333 1462 530 1507 diendae
558 1461 770 1505 studiosa
788 1473 967 1515 semper
985 1458 1079 1504 fue-

333 1523 393 1566 rit
424 1520 547 1577 gula.
584 1518 639 1564 cf.
674 1520 788 1563 Plin.
824 1520 866 1570 8,
900 1519 1000 1563 209.

423 1580 485 1624 ad
498 1579 595 1623 258.
630 1579 770 1623 vulva
787 1578 972 1629 sterilis,
992 1590 1081 1622 una

337 1652 449 1684 voce
492 1638 714 1683 stericula
753 1651 789 1681 s.
828 1637 1082 1681 sterilicula

333 1711 406 1754 ap.
449 1699 635 1742 Petron.
677 1697 749 1749 35,
791 1697 832 1739 3.
878 1709 950 1740 res
985 1701 1080 1740 sto-

332 1756 495 1801 macho
539 1757 721 1807 idonea,
766 1755 885 1800 Cels.
931 1756 971 1807 2,
1010 1754 1079 1798 24.

334 1822 405 1862 est
448 1822 619 1867 uterus,
663 1814 814 1870 μήτρα,
856 1815 950 1858 suis
993 1814 1082 1857 vir-

332 1876 453 1932 ginis
488 1875 560 1919 vel
601 1879 847 1920 castrat-ae,
889 1873 1005 1916 Plin.
1040 1873 1082 1923 8,

334 1936 433 1979 209.
467 1935 597 1978 Mart.
638 1934 704 1984 13,
724 1934 791 1977 56.
826 1932 929 1976 coll.
953 1933 992 1982 7,
1011 1932 1082 1983 20,

337 1995 406 2037 11.
450 1994 607 2037 differt
668 1992 808 2036 vulva
857 1992 1082 2042 eiecticia,

331 2053 471 2109 μήτρα
515 2050 692 2103 ἐκβολὰς
733 2049 906 2094 Athen.
940 2052 982 2101 3,
1011 2051 1080 2093 58.

332 2113 426 2156 suis
458 2116 641 2167 partum
674 2111 849 2154 enixae.
880 2110 995 2152 Piin.
1019 2110 1087 2160 11,

332 2172 431 2215 210.
465 2171 704 2226 Boettiger
720 2170 793 2212 Kl.
813 2167 989 2213 schrift.
1006 2168 1084 2212 III.

331 2244 376 2286 p.
410 2230 510 2273 225.
544 2229 740 2285 interpp.
775 2228 836 2271 ad
867 2228 976 2272 Hor.
1012 2241 1084 2283 ep.

334 2295 373 2341 1,
409 2289 478 2340 15,
511 2289 581 2331 41.
617 2302 673 2333 ex
705 2288 900 2338 cumino,
933 2292 1083 2338 aceto,

332 2349 503 2404 silphio
533 2348 746 2404 coquitur
767 2346 928 2390 Athen
952 2348 994 2397 3,
1013 2347 1083 2390 59.

334 2410 403 2459 12,
435 2408 504 2451 27.
549 2408 758 2462 impensa
790 2406 970 2461 repleta
1012 2419 1084 2449 su-

331 2480 416 2523 pra
434 2466 503 2510 54.
524 2466 674 2510 inanis
693 2470 856 2509 contra
873 2477 947 2520 ap.
967 2465 1083 2509 Nae·

332 2527 458 2570 vium
490 2525 714 2569 Macrobii
746 2529 833 2567 sat.
866 2525 907 2575 3,
945 2525 1013 2575 18,
1042 2525 1083 2568 6.

330 2598 387 2629 ne
429 2584 564 2640 plura
605 2589 657 2627 ut
696 2584 851 2628 brevis
895 2582 992 2626 sim.
1031 2608 1083 2612 -

331 2644 436 2689 sed
480 2657 594 2687 corr.
640 2656 724 2698 pro
758 2647 834 2686 et.
867 2642 912 2685 in
946 2641 1083 2686 codd.

330 2703 569 2758 inscriptio
603 2702 709 2746 libri
750 2714 832 2757 per
864 2702 1086 2745 incuriam

332 2777 433 2807 cum
468 2766 690 2806 contextu
731 2762 799 2804 ita
840 2761 1088 2804 commixta

331 2823 493 2866 laser
534 2820 749 2865 vulvas
791 2824 848 2864 et
881 2820 1088 2875 apices

331 2881 640 2938 politeles
688 2880 793 2923 lib.
842 2879 943 2923 VII.
993 2878 1088 2935 (li-

1170 1105 1308 1150 bras
1339 1105 1380 1159 γ)
1415 1105 1523 1149 cir.
1555 1105 1616 1148 ad
1648 1117 1799 1149 meum
1830 1103 1918 1147 13-

1171 1176 1303 1208 sare
1336 1164 1499 1220 supple
1532 1163 1708 1208 condis.
1741 1187 1793 1193 —
1827 1175 1918 1218 ap-

1169 1235 1356 1279 pones
1387 1222 1570 1267 inferes.
1603 1222 1760 1266 malim
1786 1226 1919 1265 tem-

1169 1287 1414 1337 peratas
1446 1294 1538 1337 ap.
1580 1307 1631 1311 ——
1667 1279 1919 1325 condito

1261 1399 1323 1442 ad
1355 1399 1455 1442 259.
1521 1398 1741 1442 callum
1773 1397 1922 1451 porci-

1171 1472 1277 1502 num
1327 1460 1366 1502 9.
1417 1470 1689 1513 aprugnum,
1732 1457 1847 1500 Plin.
1881 1456 1922 1506 8,

1172 1519 1271 1561 209.
1321 1516 1470 1560 Plaut.
1522 1517 1663 1561 Poen.
1709 1517 1750 1567 3,
1797 1517 1838 1567 2,
1882 1516 1921 1558 2.

1171 1577 1295 1621 Pers.
1331 1578 1372 1627 2,
1405 1576 1446 1626 5,
1478 1574 1519 1618 4.
1565 1588 1746 1620 carnem
1781 1574 1924 1618 cervi-

1172 1636 1236 1680 cis
1284 1635 1519 1685 callosam,
1575 1633 1919 1691 glandulosam,

1171 1694 1293 1739 unde
1341 1694 1530 1750 glandia
1576 1707 1609 1737 s.
1670 1692 1923 1750 glandulae

1176 1755 1273 1797 173.
1295 1753 1397 1797 coll.
1422 1753 1516 1795 117.
1538 1752 1728 1792 κὸλλοπα
1748 1750 1923 1795 Athen.

1172 1814 1214 1864 3,
1242 1813 1312 1857 49.
1350 1812 1560 1866 Geopon.
1598 1813 1665 1862 19,
1686 1812 1727 1862 6,
1745 1811 1787 1854 3.
1820 1822 1923 1854 sau-

1173 1871 1412 1916 schwarte.
1445 1896 1514 1918 ,-
1557 1870 1767 1914 libelli
1799 1869 1923 1913 codi-

1175 1944 1276 1974 cum
1320 1934 1427 1974 sunt
1468 1930 1543 1973 vel
1581 1929 1858 1973 lumbelli
1889 1941 1923 1972 s.

1172 1988 1425 2033 lumbuli
1469 1989 1571 2032 292.
1614 1988 1758 2031 lumbi
1790 1999 1924 2043 apru-

1181 2049 1260 2106 gni
1282 2048 1396 2091 Plin.
1414 2048 1456 2099 8,
1474 2048 1573 2090 210.
1608 2047 1681 2091 vel
1710 2046 1926 2090 labelli

1179 2107 1401 2158 lambelli‚
1466 2106 1649 2160 labella,
1705 2104 1914 2150 schwein-

1179 2167 1416 2217 schnuten,
1437 2165 1682 2210 sauriissel.
1703 2190 1752 2195 --
1782 2177 1806 2208 6
1819 2177 1846 2208 o
1859 2168 1879 2207 t
1891 2164 1926 2207 i-

1179 2226 1308 2270 cula
1322 2239 1362 2276 e,
1394 2225 1658 2274 costiculae.
1688 2223 1925 2269 Gallorum

1176 2291 1223 2330 et
1245 2284 1466 2328 Italorum
1487 2284 1722 2334 cotelette,
1746 2282 1927 2326 costola

1176 2345 1308 2399 (Diez
1326 2346 1435 2387 Lex.
1455 2343 1499 2387 d.
1512 2356 1622 2387 rom.
1636 2356 1728 2397 spr.
1745 2355 1789 2397 p.
1808 2341 1925 2395 114),

1176 2403 1430 2448 Suevorum
1472 2402 1710 2457 rippchen.
1760 2400 1926 2444 codi-

1176 2462 1347 2507 culae
1380 2461 1663 2512 caudiculae,
1696 2459 1926 2504 schwanz-

1175 2521 1445 2572 stiickchen,
1488 2521 1664 2565 invenit
1702 2519 1835 2562 Hum.
1871 2543 1925 2549 —

1175 2595 1245 2625 un
1256 2580 1460 2637 gellae
1519 2579 1721 2636 ungulae
1780 2591 1925 2628 suum,

1175 2640 1290 2684 Plin.
1311 2641 1381 2691 25,
1399 2639 1471 2683 41.
1491 2638 1609 2683 Cels.
1629 2640 1670 2690 2,
1689 2638 1759 2680 22.
1795 2647 1927 2681 crura

1176 2699 1382 2759 porcina,
1426 2698 1549 2743 Cael.
1592 2696 1755 2741 Aurel.
1804 2699 1925 2738 aeut.

1179 2758 1323 2803 morb.
1362 2760 1400 2809 1,
1437 2758 1505 2801 11.
1528 2753 1926 2801 schweinsklauen

1183 2819 1279 2862 182.
1327 2817 1425 2862 116.
1469 2816 1670 2860 lasera
1710 2814 1757 2858 in
1800 2814 1926 2870 quin-

1183 2890 1285 2933 que,
1318 2877 1548 2921 laseras
1580 2875 1650 2926 ed.
1684 2887 1752 2930 pr.
