2066 3276
815 237 1067 301 Praefatio.
1667 243 1732 308 17

142 394 440 462 „offensam
466 391 687 460 sineque
712 389 891 443 taedio
921 407 953 442 a
990 388 1244 442 studiosis
1280 388 1520 442 omnibus
1547 393 1600 443 et
1626 388 1737 457 legi

145 488 233 550 „et
252 481 484 534 maxima
506 497 571 533 ex
594 483 745 547 parte
763 477 987 545 intelligi
1010 477 1194 545 possit,
1223 477 1483 531 edidimus
1498 479 1731 546 inquam,

143 577 237 639 „ut
276 576 328 624 et
353 569 469 622 aliis
497 569 564 622 de
592 568 785 621 musilli
825 566 1169 620 succurrendi
1205 567 1558 635 occasionem,
1600 567 1732 636 pris2

144 678 275 728 „cos
314 660 367 712 in
408 659 508 711 hoc
549 658 815 723 aemulati,
859 656 946 722 qui
986 655 1293 724 priusquam
1318 672 1405 708 ars
1433 655 1643 710 medica
1682 656 1739 708 in

144 747 488 816 „methodum
517 751 658 800 esset
683 744 902 799 redacta
928 744 1125 798 morbis
1166 760 1455 812 oppressos
1488 744 1544 797 in
1571 744 1738 798 triviis

143 841 236 904 „et
256 835 498 904 compitis
515 835 834 902 statuebant,
866 839 921 886 ut
945 851 977 886 a
1003 828 1465 909 praetereuntibus
1494 832 1735 887 salubres

143 927 479 994 „morborum
507 924 745 978 medelas
773 922 1191 992 perdisce1·ent.“
1219 926 1274 974 ut
1299 921 1410 975 eius
1444 921 1617 975 insani
1648 929 1741 977 cri·

101 1048 104 1052 -
144 1015 272 1082 „tici
291 1014 549 1068 rationem
575 1012 887 1082 perspicias,
918 1012 1144 1066 deliciae
1172 1015 1405 1078 nostrae,
1436 1015 1597 1078 utque
1629 1011 1741 1065 eius

144 1119 374 1172 „nomen
396 1120 501 1156 non
523 1102 749 1171 amplius
783 1101 1009 1171 spatium
1032 1117 1344 1156 concessum
1379 1099 1610 1168 claudat,
1639 1100 1748 1169 pri-

144 1209 322 1262 „mam
358 1191 796 1261 compositionem
830 1192 958 1245 satis
993 1191 1164 1245 habeo
1200 1190 1526 1260 appinxisse.
1574 1189 1744 1261 „Con-

144 1281 279 1350 „diti
318 1281 586 1350 paradoxi
627 1281 942 1349 compositi-o
995 1280 1070 1334 sic
1109 1279 1298 1334 habet:
1352 1279 1525 1333 mellis
1564 1285 1745 1348 partes

146 1370 486 1439 „quindecim
524 1370 578 1422 in
617 1386 713 1422 vas
753 1387 977 1423 aeneum
1017 1369 1302 1436 mittuntur,
1343 1369 1653 1438 praemissis
1693 1371 1747 1424 in

146 1459 239 1527 „id
264 1459 370 1511 vini
406 1458 654 1512 sextariis
689 1458 913 1526 duobuS,
943 1476 1079 1526 quae
1108 1458 1306 1527 pariter
1331 1458 1400 1510 ad
1423 1475 1589 1525 usque
1617 1461 1744 1514 mel-

147 1549 249 1615 „lis
279 1548 459 1602 elixati
487 1547 907 1614 crassitudinem,
949 1547 1051 1601 hoc
1080 1552 1175 1614 est,
1216 1547 1477 1615 tantisper
1513 1546 1639 1600 dum
1672 1549 1745 1601 vi·

149 1654 312 1707 „num
340 1642 556 1690 coctura
585 1641 938 1703 consumatur,
981 1636 1091 1703 igni
1119 1636 1262 1690 lento
1306 1641 1357 1689 et
1394 1636 1553 1703 lignis
1580 1638 1743 1692 aridis

148 1726 564 1794 „decoquantur,
608 1726 682 1778 sic
716 1730 769 1777 ut
797 1725 1024 1779 calfacta
1052 1724 1238 1778 sedulo
1267 1724 1321 1777 in
1350 1726 1740 1780 terelixandum

147 1815 357 1883 „ferula
385 1818 833 1869 commoveantur.
864 1814 907 1867 si
938 1814 1196 1868 effervere
1232 1814 1471 1883 coeperit
1506 1816 1741 1884 elixatiO,

148 1903 294 1971 „vini
319 1921 437 1957 rore
467 1903 836 1972 compescitur,
878 1909 1091 1972 praeter
1119 1904 1260 1971 quod
1291 1905 1589 1959 substracto
1630 1905 1743 1973 igni

150 1992 241 2060 „in
267 2009 325 2046 se
360 1992 511 2046 redit.
544 2009 699 2062 quum
724 1992 1042 2061 perfrixerit,
1070 2009 1249 2046 rursus
1277 1993 1604 2047 accenditur.
1635 1994 1741 2048 hoc

149 2081 424 2148 „secundo
466 2099 529 2135 ac
555 2082 708 2135 tertio
749 2082 839 2135 fiet
877 2087 1037 2149 atque
1076 2087 1184 2135 tum
1226 2082 1438 2135 demum
1478 2089 1741 2136 remotum

151 2187 223 2237 „a
244 2169 381 2223 focO.
406 2170 663 2239 postridie
685 2170 1027 2239 despumatur
1051 2188 1167 2225 cum
1195 2171 1395 2243 piperis
1420 2172 1587 2225 unciis
1620 2190 1746 2240 qua-

152 2263 321 2325 „tuor,
362 2259 467 2311 iam
507 2259 661 2313 tritae
700 2260 988 2313 mastiches
1028 2261 1287 2331 scrupulis
1326 2260 1508 2327 tribus,
1550 2261 1663 2314 folii
1699 2267 1751 2315 et

153 2348 333 2415 „croci
362 2347 628 2402 drachmis
656 2349 895 2416 singulis,
926 2349 1258 2417 dactylorum
1291 2349 1498 2402 ossibus
1532 2349 1745 2403 torridis

154 2436 441 2504 „quinque,
480 2437 671 2490 iisdem
699 2437 927 2505 dactylis
954 2437 1076 2489 vino
1106 2437 1467 2505 praemollitis,
1522 2437 1746 2492 interce-

155 2523 353 2591 „dente
380 2525 630 2579 videlicet
656 2525 801 2594 prius
830 2525 1119 2579 suffusione
1159 2526 1282 2593 vini,
1325 2525 1393 2580 de
1434 2543 1529 2579 suo
1571 2528 1750 2594 utique

156 2611 351 2679 „modo
382 2630 446 2666 ac
472 2630 709 2681 numero,
751 2619 807 2667 ut
833 2614 1017 2667 tritura
1055 2615 1189 2669 lenis
1216 2614 1492 2670 habeatur.
1533 2615 1613 2668 his
1644 2633 1750 2669 om-

156 2701 346 2768 „nibus
387 2702 484 2756 rite
524 2704 725 2771 paratis
766 2691 1100 2772 supermittes
1159 2704 1267 2757 vini
1324 2704 1459 2764 lenis
1519 2705 1754 2758 sextaria

160 2790 508 2860 „octodecim
541 2793 800 2845 carbones
820 2792 1059 2860 perfecto
1084 2792 1288 2847 addere
1311 2793 1415 2847 duo
1438 2793 1603 2846 millia
1631 2810 1753 2846 con-

159 2880 389 2946 „gruit“.
431 2880 508 2933 sic
547 2880 601 2932 in
643 2876 885 2934 omnibus
937 2886 994 2934 ut
1044 2882 1191 2935 lubet
1245 2883 1331 2936 vel
1381 2882 1571 2935 omittit
1618 2899 1779 2949 quae.

207 2966 245 2998 O.
270 2967 422 3009 Apicius
449 2970 504 3001 ed.
531 2968 688 3002 Schueh.
1492 2986 1519 3029 <2
