2066 3276
279 201 382 255 168
796 200 895 246 Lib.
919 201 1041 246 VIII.
1084 202 1328 260 Tetrapus.

275 333 500 388 dactilos
539 334 688 388 tritos
729 335 874 388 VIII.
916 336 1023 388 vini
1058 336 1180 389 boni
1209 336 1453 404 eminam,
1493 336 1725 390 amolum
1753 356 1858 391 mo-

272 407 405 462 dice.

386 485 510 537 366.
565 483 818 537 Aeolum
873 483 1023 537 sive
1076 500 1323 550 agnum
1363 483 1667 553 crudum:
1723 485 1859 551 ole0,

272 557 463 628 pipere
503 558 721 613 fricabis
762 563 814 612 et
847 573 1106 626 asparges
1135 557 1263 611 foris
1291 558 1458 611 salem
1484 575 1672 625 purum
1699 559 1859 611 multo

273 649 390 685 cum
445 632 708 686 coriandri
761 632 977 686 semine.
1032 631 1087 684 in
1138 631 1347 685 furnum
1398 631 1572 684 mittis.
1628 637 1859 685 assatum

270 705 485 760 inferes
1339 765 1342 767 ,

385 781 509 833 367.
569 780 832 835 Αο(111111
891 780 1040 833 sive
1092 794 1338 846 agnum
1392 779 1859 847 tarpeianum:

272 858 559 921 antequam
589 860 861 923 coquatur,
905 858 1119 908 ornatus
1149 853 1431 906 consuitur.
1474 853 1643 921 piper,
1673 858 1859 920 rutam,

269 927 572 996 satureiam,
629 946 835 998 cepam,
889 928 1069 980 timum
1123 926 1387 980 modicum
1448 932 1499 979 et
1555 927 1859 994 liquamine.

271 1002 472 1056 collues
521 1002 733 1069 aedum,
787 1000 1084 1056 macerabis
1136 1000 1190 1053 in
1242 1000 1393 1053 furno
1441 1005 1530 1053 aut
1568 1002 1622 1053 in
1661 1001 1862 1069 patella

273 1092 410 1142 quae
464 1076 639 1130 oleum
690 1076 903 1130 habeat.
960 1092 1077 1130 cum
1116 1074 1437 1142 percoxerit,
1478 1074 1768 1142 perfundes
1807 1075 1861 1126 in

270 1150 473 1219 patella
522 1150 832 1219 inpensam:
886 1155 1026 1204 teres
1067 1148 1369 1214 satureiam,
1425 1165 1631 1215 cepam,
1672 1153 1860 1215 rutam,

274 1222 519 1292 dactilos,
561 1224 757 1289 vinum,
801 1239 1104 1288 caroenum,
1148 1222 1338 1274 oleum.
1383 1238 1499 1274 cum
1540 1223 1674 1274 bene
1699 1221 1861 1274 duxe-

269 1297 337 1348 rit
378 1297 676 1368 inpensam,
718 1298 772 1350 in
813 1298 962 1351 disco
1002 1310 1188 1366 pones,
1230 1295 1385 1363 piper
1424 1295 1668 1366 aspargis
1710 1299 1760 1348 et
1785 1295 1860 1347 in-

268 1369 427 1424 feres,

382 1446 506 1499 368.
548 1445 809 1498 Aedum
849 1444 996 1498 sive
1037 1459 1286 1512 agnum
1326 1441 1700 1511 particum:
1748 1443 1861 1495 mit-

271 1592 349 1636 lim
410 1597 567 1638 tamen
627 1594 712 1638 ius
762 1593 1025 1649 spissius

269 1652 489 1708 pinguius
551 1652 649 1697 334.
714 1677 765 1682 -
836 1653 1025 1697 oleum

269 1711 406 1755 codd.

360 1770 421 1814 ad
470 1772 570 1815 366.
637 1770 871 1815 crudum
933 1784 1025 1814 non

269 1834 569 1881 maceratum,
615 1830 756 1874 crudo
794 1830 891 1874 iure
924 1830 950 1872 i.
986 1843 1023 1873 0.

270 1903 363 1933 11011
399 1894 550 1941 00010,
584 1888 756 1944 frigido
787 1902 1024 1944 aspersum

267 1954 518 2004 antequam
559 1949 604 1992 in
648 1947 830 1992 furnum
879 1948 1021 1991 mitti-

266 2012 355 2051 tur.
402 2008 486 2052 sed
517 2007 810 2052 scribendum
844 2007 931 2050 erit
963 2008 1020 2050 In

266 2066 475 2111 aedum
508 2068 583 2111 vel
617 2066 792 2110 crudo
826 2065 885 2110 cf.
920 2067 1019 2109 238.

268 2126 367 2169 287.
403 2127 506 2171 376.
539 2125 751 2170 similiter
775 2125 875 2169 330.
910 2138 1023 2180 aper

267 2184 365 2228 sale
418 2189 466 2229 et
523 2185 705 2229 cumino
759 2185 1022 2240 aspergitur

268 2248 316 2288 et
358 2243 451 2288 alio
487 2244 562 2288 die
607 2244 652 2287 in
697 2242 831 2287 furno
866 2243 1021 2299 coqui-

267 2307 353 2346 tur.
398 2329 451 2333 --
495 2304 705 2358 pipere
736 2306 803 2354 βπ
844 2303 897 2345 H.
932 2316 1016 2358 pro

266 2362 450 2417 piper.
517 2361 704 2406 fricabis
763 2365 835 2405 est
893 2361 1018 2417 quod

264 2419 555 2476 perfricabis,
589 2419 812 2465 infriabis.
851 2445 902 2449 —
937 2432 1017 2463 sa-

266 2480 378 2523 lem
420 2493 538 2535 pur.
582 2480 682 2524 271.
726 2504 780 2509 —
825 2492 1018 2523 semen

265 2541 370 2591 ss-St.
408 2563 459 2568 -.

354 2596 417 2640 ad
465 2597 565 2640 367.
643 2596 1020 2652 tarpeianum

266 2655 314 2699 in
346 2669 438 2700 uno
473 2656 494 2704 ζ
525 2659 573 2700 01
603 2656 648 2699 111
684 2655 896 2699 omnibus
918 2655 1020 2699 406.

264 2728 350 2770 pro
381 2716 848 2770 tatarpeianum.
866 2715 912 2757 in
930 2718 1022 2757 tar-

266 2774 373 2829 peio
421 2787 504 2819 seu
551 2774 805 2830 capitolino
863 2778 1022 2818 monte

268 2833 356 2879 diis
400 2834 621 2894 egregiae
666 2833 809 2891 dapes
858 2832 1021 2877 infere-

1117 1592 1285 1636 bantur
1329 1590 1544 1644 (Martial.
1587 1591 1656 1638 12.
1699 1590 1771 1642 48,
1808 1591 1861 1633 12

1116 1656 1162 1696 et
1198 1652 1266 1702 13,
1299 1652 1374 1703 91)
1408 1662 1525 1705 quae
1551 1649 1762 1694 lautitiae
1784 1663 1862 1693 au-

1114 1710 1344 1767 gebantur
1387 1722 1444 1752 ex
1489 1722 1578 1764 quo
1622 1709 1743 1753 Nero
1782 1709 1862 1752 da-

1114 1769 1234 1826 palis
1268 1768 1446 1813 exstitit
1478 1769 1523 1812 in
1556 1780 1695 1811 aurea
1722 1768 1860 1812 domo

1117 1842 1234 1884 quae
1269 1841 1296 1871 a
1327 1827 1511 1870 Palatio
1541 1827 1771 1883 Esquilias
1790 1841 1861 1871 us-

1116 1901 1203 1943 que
1237 1886 1511 1941 pertinebat.
1548 1912 1601 1917 —-
1637 1899 1694 1928 an
1729 1900 1862 1930 one-

1114 1952 1281 1990 ratus
1314 1945 1612 1989 fursuscorr.
1656 1959 1738 2000 pro
1782 1960 1862 1989 or-

1113 2011 1290 2049 natus
1333 2005 1512 2061 aliquot
1553 2004 1703 2048 locis?
1750 2004 1861 2048 alibi

1115 2078 1299 2121 quoque
1350 2077 1405 2108 ea
1464 2063 1606 2107 verba
1671 2063 1864 2107 confusa

1113 2127 1342 2168 monstrat
1414 2122 1553 2166 Corte
1637 2123 1699 2166 ad
1776 2123 1864 2166 Lu-

1115 2196 1213 2228 can.
1257 2183 1297 2234 6,
1337 2182 1437 2226 518.
1480 2181 1773 2237 participium
1816 2182 1861 2224 in

1114 2256 1205 2286 uno
1246 2247 1277 2293 s}
1316 2247 1363 2286 et
1406 2241 1477 2285 ed.
1522 2241 1654 2284 Hum.
1699 2241 1865 2295 procul

1111 2301 1252 2344 dubio
1302 2314 1357 2345 cx
1405 2300 1508 2343 cod.
1570 2300 1615 2342 in
1673 2300 1862 2356 reliquis

1111 2361 1257 2404 deest.
1316 2384 1374 2389 —-
1436 2365 1770 2414 coquantur
1816 2359 1861 2402 in

1109 2433 1190 2464 sex
1214 2423 1260 2463 et
1284 2419 1354 2463 ed.
1373 2432 1507 2473 pr.—
1534 2418 1861 2474 liquamine

1109 2478 1405 2534 temperabis.
1458 2477 1756 2533 liquamen
1814 2492 1859 2519 π.

1111 2563 1164 2567 --
1199 2542 1300 2581 aut
1332 2549 1388 2580 ex
1431 2550 1522 2580 uno
1564 2550 1662 2591 par.
1702 2535 1862 2579 addidi

1113 2596 1172 2640 ob
1215 2597 1314 2640 369.
1358 2595 1459 2639 408.
1508 2621 1563 2625 —
1615 2595 1861 2639 duxerit

1114 2654 1214 2699 140.
1264 2680 1317 2684 —
1365 2668 1547 2710 pones
1596 2666 1859 2709 compones.

1201 2714 1275 2758 ad.
1309 2714 1410 2757 368.
1458 2715 1752 2769 pasticum
1785 2725 1859 2756 co—

1114 2773 1267 2817 dicum
1300 2772 1589 2827 explicabam
1630 2772 1706 2816 vel
1738 2771 1859 2815 lacte

1111 2836 1295 2889 pastum
1327 2831 1430 2875 376.
1465 2831 1538 2876 vel
1570 2844 1599 2875 a
1626 2835 1772 2875 matre
1793 2844 1859 2875 re-
