2066 3276
604 238 705 283 Lib.
737 238 815 282 III.
881 235 1100 294 Cepuros.
1666 238 1737 290 63

262 373 379 425 100.
434 372 601 425 Holus
641 373 800 425 molle
852 389 920 424 ne
960 376 1192 438 acescat,
1248 387 1453 424 summa
1494 388 1737 438 quaeque

145 451 479 514 amputantur
520 451 572 499 et
611 450 962 514 purgamenta
1002 450 1053 498 ct
1093 446 1272 498 caules
1311 444 1643 498 madefactos
1684 445 1738 497 in

145 537 287 586 aqua
326 520 533 573 absenti
575 520 861 586 contegito,

262 594 379 646 101.
416 594 465 645 H
484 595 599 646 erb
617 611 693 646 ae
726 592 901 645 rusti
919 609 1038 645 cae
1071 592 1376 657 liquamine,
1409 592 1546 657 ole0,
1579 596 1733 645 aceto

144 685 177 719 a
209 684 384 733 manU,
419 668 506 719 vel
534 668 586 718 in
614 672 810 734 patena
834 666 1039 734 pipere,
1084 666 1293 731 cimino,
1335 666 1484 718 bacis
1509 665 1734 719 lentisci.

261 742 380 793 102.
423 741 735 793 Urticae:
765 740 987 792 urticam
1015 740 1267 792 feminam
1303 739 1429 792 Sole
1462 739 1517 791 in
1552 739 1736 793 Ariete

147 815 321 883 posito
363 814 622 867 adversus
662 813 1050 880 aegritudinem
1091 829 1284 878 sumeS,
1326 813 1370 865 si
1409 813 1573 866 voles

259 890 378 942 103.
434 889 683 940 Intuba
723 892 785 940 et
824 888 1176 940 lactucae:
1235 886 1420 939 intuba
1462 904 1528 939 ex
1568 887 1736 954 liqua-

143 962 300 1029 mine,
343 963 461 1015 oleo
502 962 715 1014 modico
758 960 1042 1014 comedere
1083 978 1219 1028 cepa
1260 960 1475 1014 concisa
1513 977 1610 1028 pro
1644 960 1735 1012 fla·—

142 1036 272 1089 turis
311 1052 493 1102 vernO,
535 1035 710 1089 hieme
748 1036 933 1088 intuba
988 1052 1055 1088 ex
1096 1036 1412 1089 enbambate
1452 1035 1540 1087 vel
1579 1034 1736 1088 melle

145 1115 197 1163 et
236 1114 388 1164 aceto
431 1109 554 1163 acri.

144 1270 276 1316 salat.
320 1269 376 1316 cf.
419 1284 522 1316 mea
568 1271 703 1317 Olera
742 1285 784 1327 p.
819 1271 888 1315 46.

145 1343 424 1386 expressa
455 1330 581 1376 folia.

232 1389 294 1433 ad
329 1390 446 1434 100.-
479 1394 728 1434 acescat
771 1403 828 1434 ex
861 1406 893 1430 π

145 1454 192 1493 et
226 1449 325 1493 cod.
346 1449 482 1493 Hum.
516 1454 564 1494 et
594 1449 709 1492 Plin.
735 1450 800 1501 18,
822 1450 891 1493 77.

142 1522 227 1563 pro
261 1513 519 1552 arescat.
560 1508 752 1552 eandem
787 1522 892 1552 con-

142 1566 368 1611 fusionem
403 1568 648 1612 observavi
682 1567 888 1611 Scribon.

144 1628 213 1670 22.
248 1626 452 1670 mades.
484 1632 570 1671 cet.
606 1625 797 1670 cf.Plin.
819 1628 890 1677 27,

231 1744 292 1787 ad
312 1744 408 1788 101.
442 1757 470 1788 a
488 1757 655 1788 manu
675 1758 767 1790 non
789 1758 890 1788 coc-

143 1809 233 1854 tae,
266 1817 349 1858 per
380 1817 429 1848 se
462 1802 508 1859 ἔας
546 1802 709 1858 χειρὸς,
745 1843 749 1846 ,
781 1803 887 1843 ὕτο-

144 1859 313 1916 σχεδόν.
334 1863 586 1918 opponitur
605 1863 675 1916 „in
688 1875 749 1918 pa
774 1866 885 1907 ena“

143 1926 191 1965 et
223 1922 290 1964 62.

233 1980 293 2023 ad
317 1981 412 2024 102.
449 1993 549 2024 eam
567 1982 761 2024 urticam
798 1979 889 2033 „fe-

140 2039 308 2083 minam
321 2040 606 2083 silvestrem“
620 2044 759 2084 vocat
772 2040 887 2082 Plin.

141 2100 211 2149 21,
255 2099 325 2142 93.
378 2099 694 2154 intellegenda
742 2099 891 2142 urtica

141 2156 375 2212 pilulifera
407 2159 501 2201 Lin
537 2159 581 2201 in
599 2159 789 2213 Europa
812 2171 890 2202 au-

140 2216 271 2260 strali
317 2229 509 2261 nascens
573 2230 691 2273 quae
753 2216 889 2262 flores

140 2274 382 2319 femininos
414 2277 459 2319 in
493 2276 698 2332 capitulo
734 2276 887 2320 habet.

142 2332 197 2378 cf.
217 2334 447 2379 Dierbach
465 2336 585 2379 Flor.
605 2334 744 2391 Apio.
760 2339 794 2387 ξ.
814 2337 887 2388 51,

140 2405 243 2437 mea
275 2394 477 2449 olera-4).
502 2395 573 2438 59.
595 2420 646 2426 -
681 2394 811 2438 sole
834 2396 889 2438 in

140 2464 214 2495 ar.
247 2466 366 2507 pos.
398 2466 540 2496 verno
573 2458 797 2508 tempore,
831 2452 888 2496 cf.

140 2510 321 2555 Vitruv.
369 2512 411 2562 9,
457 2513 500 2562 3,
536 2513 573 2554 1.
624 2537 677 2542 —
712 2512 888 2566 egrit.

140 2572 208 2623 βγ.
273 2570 692 2614 arctitudinem
770 2571 887 2615 coni.

141 2628 276 2683 Casp.
324 2628 540 2672 Barthius
594 2629 794 2673 Advers.
842 2643 887 2685 p.

142 2688 271 2732 1792.
306 2702 440 2744 quem
469 2688 583 2732 satis
605 2689 888 2744 vituperavit

138 2746 380 2791 Reinesius
413 2747 523 2793 Var.
566 2749 691 2792 Lect.
734 2749 775 2800 3,
819 2749 887 2791 17.

139 2817 182 2861 p.
234 2807 332 2850 635.
392 2806 732 2862 aegritudinem
786 2820 888 2851 esse

139 2865 347 2910 morbum
380 2864 519 2911 hodie
551 2871 711 2911 notum
736 2866 809 2911 vel
834 2880 889 2912 ex

983 1270 1102 1315 Plin.
1139 1269 1325 1322 19,128.
1361 1270 1419 1314 al.
1443 1269 1736 1317 Cellar.Our.

983 1336 1106 1385 post.
1140 1344 1183 1385 p.
1219 1344 1275 1373 m.
1313 1332 1411 1374 160.
1445 1329 1666 1386 Append.
1692 1346 1735 1388 p.

983 1403 1040 1432 m.
1069 1390 1141 1433 45.
1161 1389 1230 1432 46
1261 1389 1328 1433 Sic
1350 1390 1515 1445 ἄλγημα
1548 1396 1620 1434 est
1651 1390 1738 1431 von·

985 1462 1094 1503 σημα
1128 1448 1291 1493 Galen.
1328 1448 1482 1493 Gloss.
1515 1449 1737 1506 Hippocr.

1042 1567 1103 1611 ad
1120 1567 1214 1611 103.
1231 1567 1539 1612 comedere
1558 1567 1738 1613 emend.

982 1640 1067 1681 pro
1102 1626 1347 1670 medere.
1393 1626 1459 1670 sic
1501 1627 1738 1683 sequentis

985 1686 1113 1729 vocis
1146 1685 1272 1740 prior
1303 1685 1439 1728 litera
1467 1686 1542 1730 vel
1569 1686 1739 1730 sillaba

983 1744 1285 1800 praecedenti
1334 1743 1629 1789 adhaerescit
1691 1750 1739 1790 et

984 1809 1146 1847 contra
1199 1803 1355 1847 multis
1409 1803 1454 1846 in
1507 1805 1637 1848 locis.
1682 1819 1739 1849 ex

983 1863 1095 1908 edit.
1139 1863 1280 1918 princ.
1332 1863 1557 1908 medice
1600 1864 1737 1908 Hum.

982 1921 1094 1967 fecit
1126 1922 1366 1965 modice.
1401 1926 1449 1965 et
1483 1921 1737 1967 flaturis

982 1983 1011 2025 i.
1033 1995 1056 2025 e
1096 1980 1287 2024 flatibus
1310 1980 1488 2024 emend.
1513 1996 1597 2037 pro
1623 1982 1737 2026 lac--

982 2041 1141 2084 tucis
1186 2044 1234 2083 et
1266 2053 1446 2084 verno
1479 2054 1564 2096 pro
1598 2054 1736 2085 vero

983 2100 1108 2156 quod
1127 2099 1260 2143 deest
1277 2100 1321 2142 in
1354 2116 1378 2153 γ
1406 2106 1453 2143 et
1471 2099 1567 2144 flor.
1590 2099 1736 2156 quod·

983 2172 1071 2215 que
1106 2172 1129 2203 e
1164 2158 1264 2201 cod.
1300 2171 1383 2202 suo
1418 2159 1549 2203 Hum.
1586 2160 1631 2203 in
1652 2173 1738 2204 ve·

982 2232 1042 2262 re
1075 2218 1285 2261 mutavit.
1321 2218 1485 2274 supple
1530 2223 1735 2274 „tempo-

982 2280 1073 2321 re“.
1112 2277 1167 2320 cf.
1203 2277 1302 2321 Cat.
1331 2277 1403 2327 50,
1422 2279 1462 2320 2.
1484 2279 1582 2321 131.
1618 2278 1733 2321 Plin.

982 2338 1024 2387 9,
1056 2336 1127 2379 47.
1161 2335 1342 2378 Pallad.
1376 2336 1419 2387 3,
1440 2338 1567 2387 12,1.
1602 2337 1644 2388 3,
1663 2337 1735 2387 26,

981 2396 1023 2439 3.
1057 2395 1099 2444 5,
1132 2395 1174 2445 8,
1205 2396 1243 2437 6.
1279 2395 1320 2445 6,
1355 2394 1395 2445 7,
1431 2397 1467 2438 1.
1513 2395 1556 2446 4,
1589 2397 1631 2447 9,
1667 2397 1733 2439 13.

980 2453 1024 2504 4,
1059 2454 1128 2503 10,
1161 2455 1202 2497 3.
1245 2453 1311 2497 sic
1346 2454 1580 2505 „aestivo“
1617 2455 1736 2498 dixit

981 2511 1171 2567 Apulei.
1200 2513 1254 2555 II.
1290 2525 1332 2568 p.
1366 2514 1466 2556 366.
1517 2513 1596 2557 ubi
1627 2514 1735 2558 vide

981 2571 1103 2614 Hild.
1124 2572 1191 2615 sic
1215 2570 1377 2623 horno,
1405 2572 1622 2624 crastino,
1640 2586 1735 2616 ma-

981 2631 1148 2681 tutino,
1182 2630 1436 2683 cotidiano,
1466 2645 1645 2683 sereno,
1674 2632 1733 2676 al.

980 2688 1035 2733 cf.
1053 2689 1258 2734 Gronov.
1273 2690 1335 2733 ad
1349 2690 1578 2734 Ammian.
1595 2691 1733 2736 Marc.

984 2749 1053 2800 18,
1085 2749 1127 2800 4,
1164 2751 1198 2791 1.
1236 2748 1443 2794 Scheffer
1461 2750 1521 2793 ad
1539 2750 1622 2794 Iul.
1644 2750 1734 2795 Ob-

980 2821 1075 2864 seq.
1128 2809 1196 2852 55.
1247 2807 1397 2852 Halm.
1447 2809 1509 2852 ad
1557 2810 1649 2856 Cic.
1687 2809 1733 2853 in

981 2866 1134 2912 Vatin.
1182 2869 1222 2921 1,
1266 2868 1308 2913 3.
1350 2881 1396 2923 p.
1440 2869 1514 2913 38.
1549 2894 1601 2899 —-
1635 2881 1733 2914 en-
