2066 3276
725 227 823 274 Lib.
859 227 938 274 IV.
987 187 1274 273 §Pandectes
1733 227 1802 281 69

217 365 341 420 elixi
397 370 449 419 et
498 365 627 418 folia
674 363 939 418 coriandri
992 368 1044 417 et
1095 363 1271 416 solves
1325 362 1393 415 de
1431 362 1651 415 iuscello
1695 364 1806 418 eius

217 452 269 501 et
306 446 592 517 vaporabis
630 447 683 499 in
725 446 902 501 cinere
943 445 1116 499 calido
1160 450 1212 499 et
1251 444 1471 498 adorna.
1521 449 1807 511 antequam

214 522 407 576 fundas
446 522 500 573 in
538 523 774 589 vascu10,
816 521 1091 593 perfundis
1132 520 1402 574 conditam
1442 523 1495 573 et
1523 519 1600 573 sic
1634 519 1804 589 ponis.

332 598 451 649 120.
498 595 897 650 Caccabina
934 594 1181 648 fusile:
1222 596 1446 660 malvas,
1481 610 1686 664 porrOS,
1716 595 1806 647 be-

214 675 296 724 tas
350 672 461 724 sive
514 671 732 723 coliclos
783 672 1024 736 elixatOS,
1075 669 1258 722 turdos
1307 668 1483 737 adque
1533 668 1809 722 esiciatum

216 746 433 815 pullum,
477 744 703 813 copadia
745 745 967 814 porcina
1001 743 1112 798 sive
1145 744 1349 814 pullina
1379 748 1430 796 et
1456 747 1636 796 cetera
1671 759 1809 810 quae

214 820 268 873 in
307 819 577 890 praesenti
615 819 816 872 habere
855 818 1072 889 poteris,
1117 834 1390 888 conpones
1430 817 1691 870 variatim.
1733 822 1807 871 te-

214 910 300 948 res
340 894 511 964 piper,
553 893 839 959 ligisticum
881 909 997 946 cum
1035 892 1143 945 vini
1182 892 1377 946 veteris
1416 891 1598 961 pondo
1640 892 1709 945 II.
1750 892 1809 944 11-

216 985 444 1035 quamen
495 967 675 1037 pondo
729 969 769 1019 Ι.
829 967 933 1020 mel
987 966 1167 1037 pondo
1217 968 1258 1019 Ι.
1314 966 1417 1020 0101
1466 965 1808 1032 aliquantum.

214 1043 411 1096 iustata
463 1041 550 1113 [id.
592 1042 857 1112 permixta
899 1046 951 1094 et
988 1039 1304 1112 temperata]
1358 1041 1520 1093 mittis
1568 1040 1622 1092 in
1675 1041 1809 1110 pati-

215 1136 337 1171 nam
391 1121 442 1170 et
492 1116 579 1170 fac
630 1121 688 1169 ut
739 1115 950 1169 modice
1002 1116 1222 1170 ferveat.
1281 1120 1333 1170 et
1386 1133 1504 1170 cum
1554 1115 1808 1183 coquitur,

216 1191 417 1246 adicies
456 1191 644 1258 lactes,
685 1190 740 1243 in
779 1207 884 1244 uno
927 1207 1030 1244 ova
1071 1190 1330 1244 dissoluta
1371 1207 1491 1244 cum
1522 1191 1664 1244 lacte
1690 1207 1809 1261 per-

215 1266 425 1320 fundes.
468 1265 703 1337 patinam
743 1283 870 1319 mox
910 1266 1296 1333 constrinxerit,
1337 1265 1554 1319 inferes,

1062 1401 1102 1443 2.
1135 1413 1179 1455 p.
1215 1399 1316 1448 268,
1348 1399 1418 1442 33.
1453 1398 1657 1442 solves
1692 1411 1813 1442 com-

1062 1460 1254 1510 minues,
1301 1457 1587 1514 liqucfacies,
1633 1457 1813 1502 levabis

217 1405 265 1446 et
292 1400 492 1443 adora.
526 1390 768 1455 praeterea
793 1400 971 1444 correxi

216 1462 523 1506 intersere
566 1473 649 1514 pro
693 1460 852 1503 inter
894 1474 967 1504 se.

217 1546 267 1550 —
307 1517 670 1564 cerefolium
709 1517 858 1563 forma
889 1533 969 1563 no-

216 1580 348 1623 minis
398 1579 551 1623 medio
606 1591 723 1622 aevo
772 1579 968 1623 maxime

218 1639 434 1690 solennis,
463 1638 609 1682 rarior
637 1642 708 1682 est
737 1637 901 1682 caeref.
922 1642 970 1682 et

218 1697 418 1744 Chaeref.
452 1698 513 1741 ad
570 1711 637 1751 gr.
684 1699 969 1753 χαιρέφυλλον

218 1759 348 1814 quasi
369 1756 492 1801 foliis
518 1757 768 1807 luxurians,
793 1762 967 1812 putant.

217 1818 301 1862 sed
333 1818 487 1861 verior
504 1817 689 1861 videtur
707 1817 969 1870 cerepolum

217 1890 288 1931 ap.
329 1876 503 1920 Colum.
537 1877 606 1927 10,
628 1876 725 1919 110.
760 1875 877 1920 Ρ1111.
901 1878 969 1927 19,

220 1938 318 1981 170.
355 1936 595 1980 Salmasio.
633 1936 857 1992 originem
891 1950 970 1979 vo-

218 1998 282 2040 cis
316 1997 492 2040 invenit
523 1996 689 2038 Martin
732 1995 971 2039 Pflanzen-

213 2069 392 2105 namen,
420 2069 462 2110 p.
484 2056 542 2098 30
573 2054 877 2099 intellexerim
895 2069 971 2099 ve-

215 2129 267 2159 ro
301 2115 426 2158 illam
459 2114 595 2158 Plinii
630 2115 699 2165 12,
733 2115 804 2158 30.
838 2114 968 2170 plan-

216 2179 311 2218 tam
335 2174 550 2225 indicam,
580 2186 699 2230 quae
723 2173 968 2231 carophyl-

216 2234 324 2284 lum,
379 2232 536 2277 cariof.
597 2232 823 2289 garyoph.
880 2238 965 2277 cet.

216 2293 445 2345 scribitur,
469 2297 515 2337 et
536 2296 608 2336 est
629 2293 966 2345 gewurznelke.

215 2377 269 2382 -—
311 2364 421 2395 uno
463 2365 553 2395 non
598 2352 783 2395 videtur
814 2366 969 2396 nume-

214 2411 326 2462 rale,
370 2410 452 2454 sed
484 2411 558 2455 vel
591 2423 704 2454 una
737 2412 968 2466 corrigen-

218 2469 325 2513 dum
359 2475 406 2513 et
436 2469 742 2524 supplendum
779 2472 964 2524 „parte“

214 2528 289 2572 vel
322 2529 646 2583 explicandum
680 2528 797 2579 solo,
829 2529 967 2583 μόνῳ,

216 2591 412 2638 tantum,
443 2592 525 2631 aut
552 2588 596 2630 in
620 2601 726 2638 11110,
750 2588 795 2630 111
814 2602 967 2638 unum,

213 2650 266 2690 ut
296 2647 339 2689 in
373 2660 511 2690 unum
544 2650 692 2691 terere
732 2647 849 2690 dixit
881 2647 966 2691 Co-

212 2706 321 2749 lum.
358 2706 426 2755 12,
460 2706 500 2757 8,
534 2706 573 2749 3.
616 2730 669 2735 ἢ
711 2706 965 2750 me-dium

215 2764 465 2807 dimidium.
503 2765 696 2808 caulis
729 2764 964 2809 brassicae

215 2823 469 2874 oleraceae‚
511 2823 699 2878 κράμβης
746 2824 769 2863 ὁ
814 2824 966 2870 καυλὸς

215 2894 286 2937 ap.
319 2882 546 2927 medicum
570 2883 616 2926 in
639 2882 807 2926 Ideleri
826 2883 961 2939 Corp.

1063 1519 1160 1562 126.
1191 1531 1361 1563 sensus
1395 1522 1489 1562 est:
1539 1530 1639 1562 eam
1682 1519 1814 1562 tritu-

1061 1591 1157 1622 ram
1211 1578 1424 1622 suffunde
1477 1579 1574 1622 iure
1628 1577 1685 1622 de
1728 1591 1812 1622 suo

1061 1638 1162 1689 sibi,
1206 1638 1331 1694 quod
1374 1638 1502 1682 olera
1535 1651 1635 1682 cum
1667 1637 1814 1693 liqua-

1060 1698 1180 1741 mine
1214 1702 1262 1741 et
1294 1697 1399 1741 oleo
1430 1701 1565 1742 cocta
1590 1697 1779 1742 habent.

1151 1757 1213 1801 ad
1241 1758 1339 1801 120.
1373 1756 1556 1801 fusile
1588 1758 1685 1802 iure
1708 1771 1813 1812 pro-

1061 1816 1181 1868 fuso,
1226 1817 1437 1872 opipare,
1482 1817 1691 1872 impenso
1733 1829 1814 1872 pa-

1060 1881 1178 1927 rata,
1223 1877 1476 1930 opponitur
1519 1877 1618 1920 119.
1663 1877 1722 1920 de
1759 1888 1815 1920 ea

1062 1936 1261 1980 ablativi
1282 1935 1432 1979 forma
1448 1936 1603 1980 monui
1621 1936 1681 1979 ad
1702 1935 1814 1981 Gar-

1062 1996 1139 2051 gil.
1174 2009 1219 2049 p.
1251 1995 1322 2038 41.
1358 1995 1430 2038 42.
1467 2021 1519 2025 -
1565 1996 1813 2039 esiciato

1063 2055 1234 2111 pullu
1268 2055 1370 2099 cod.
1395 2054 1505 2098 mihi
1533 2059 1604 2099 est
1630 2055 1812 2099 exiciat.

1059 2115 1134 2159 vel
1160 2114 1428 2165 exsicatum,
1459 2118 1693 2159 exsectum
1719 2115 1745 2158 i.
1775 2128 1812 2159 e.

1060 2174 1265 2230 pulpam,
1279 2179 1443 2228 pectus
1460 2174 1579 2229 pulli
1596 2173 1697 2217 384.
1710 2174 1814 2218 402.

1062 2234 1170 2278 0011.
1218 2234 1317 2277 200.
1371 2258 1423 2263 -
1471 2233 1815 2288 gustataid

1060 2293 1360 2348 permixta
1413 2296 1471 2335 et
1523 2296 1812 2347 tempera-

1060 2356 1176 2395 tam
1211 2351 1313 2395 cod.
1337 2351 1463 2406 quod
1492 2351 1708 2395 mendum
1741 2365 1814 2395 su-

1061 2411 1171 2454 stuli
1214 2410 1274 2453 ad
1318 2411 1386 2453 67.
1430 2411 1603 2454 instare
1648 2411 1814 2455 estad

1059 2470 1230 2514 iustam
1275 2481 1535 2513 mensuram
1587 2470 1813 2525 redigere,

1059 2529 1166 2573 inde
1208 2529 1396 2579 aiustcr‚
1439 2528 1710 2584 aggiustare
1752 2529 1810 2572 al.

1059 2601 1133 2643 ap.
1167 2589 1294 2632 Diez.
1339 2589 1447 2631 Lex.
1492 2588 1535 2630 d.
1569 2601 1683 2632 rom.
1719 2601 1809 2643 spr.

1057 2661 1100 2702 p.
1138 2648 1236 2690 176.
1269 2661 1354 2703 pro
1386 2647 1441 2690 in
1469 2642 1621 2702 figura
1646 2647 1706 2699 ††
1742 2650 1814 2691 est

1056 2707 1102 2749 in
1146 2706 1249 2750 cod.
1296 2731 1348 2736 —
1400 2719 1528 2749 mox
1580 2705 1720 2749 simul
1759 2718 1814 2749 ac

1055 2765 1212 2809 Vales.
1257 2765 1317 2809 ad
1360 2764 1514 2808 Amm.
1558 2765 1702 2808 Marc.
1742 2765 1811 2816 17,

1059 2825 1096 2867 1.
1133 2825 1175 2869 2.
1207 2824 1289 2867 Ian
1322 2824 1383 2869 ad
1414 2823 1620 2868 Macrob.
1652 2827 1739 2870 sat.
1770 2825 1811 2879 7,
