2066 3276
330 242 434 292 114
900 242 998 286 Lib.
1032 241 1110 285 VI.
1158 241 1401 299 Tropetes.

323 372 576 438 gustabis,
630 373 696 423 Et
748 372 927 426 elixati
980 378 1186 442 sumpto
1241 374 1440 427 semine
1495 390 1611 427 cum
1674 375 1811 428 lobis
1861 376 1916 429 in

322 447 522 513 patella
558 445 790 497 feniculo
831 447 1015 512 viride,
1055 447 1259 514 pipere,
1300 447 1588 513 liquamine
1634 479 1705 486 —
1750 454 1801 501 et
1829 467 1913 502 ca—

322 536 485 572 roeno
526 518 737 571 modico
777 537 873 589 pro
915 521 1057 573 salso
1104 551 1163 557 —-
1222 519 1533 573 inferuntur.
1593 522 1680 574 vel
1718 521 1915 590 simpli-

324 592 454 645 citer
494 598 547 645 et
585 593 734 644 solet.

556 752 813 821 Incipit
852 753 1052 820 Apici
1095 752 1292 806 Caeli
1331 759 1683 822 tropeteS.
1744 755 1761 764 ‘

995 871 1106 924 Lib.
1150 872 1239 924 VI.

435 1005 557 1056 212.
600 1004 673 1055 In
713 1001 1064 1055 strutione
1107 1003 1323 1055 elixo:
1354 1004 1523 1072 piper,
1555 1009 1803 1072 mentam,
1841 1005 1910 1059 ci-

321 1077 519 1130 minum
558 1093 752 1141 assum,
795 1075 901 1161 api?
902 1092 1107 1144 semen,
1139 1076 1362 1130 dactilos
1390 1078 1475 1130 vel
1507 1078 1752 1146 cariotas‚
1785 1080 1907 1147 mel,

321 1208 493 1253 faselos
537 1222 620 1252 suo
654 1212 864 1262 tempore
897 1207 988 1251 dici
1020 1212 1068 1251 et

290 1267 479 1320 ’λοβοὺς
511 1268 618 1322 quia
652 1280 752 1310 cum
784 1266 953 1321 siliqua
986 1267 1067 1320 (in-

321 1331 469 1382 terpp.
529 1326 591 1369 ad
643 1326 794 1370 Gloss.
847 1325 1065 1380 Hippocr.

320 1399 363 1441 p.
400 1385 497 1428 240.
528 1385 649 1437 243.)
682 1384 784 1439 ipsa
803 1382 976 1427 fructus
998 1389 1067 1427 to-

320 1451 395 1489 tus
429 1443 711 1494 comedatur,
745 1456 860 1498 quos
893 1443 1067 1498 Hippo-

323 1509 471 1547 crates
519 1508 566 1546 et
623 1503 809 1546 Diocles
859 1504 1068 1546 vocarint

321 1561 533 1616 δολιχοὺς,
573 1566 730 1605 monet
764 1560 965 1604 Galenus
997 1561 1068 1605 De

322 1620 408 1664 fac.
442 1621 646 1664 aliment.
686 1623 723 1671 1,
757 1621 943 1663 28—35.
988 1620 1068 1663 Di-

321 1693 414 1725 osc.
450 1680 623 1739 22176.
658 1679 716 1723 (16
743 1678 930 1722 smilace
962 1678 1067 1723 hor-

320 1739 440 1784 tensi
473 1741 527 1791 ἤς
561 1739 582 1778 ὁ
619 1736 780 1793 καρπὸς
811 1736 946 1788 λὸβια,
987 1738 1066 1782 ubi

319 1797 590 1842 Matthiolus
624 1801 781 1842 censet
813 1809 913 1841 esse
948 1809 1066 1853 quas

319 1857 428 1901 Itali
460 1856 592 1900 fabas
629 1857 840 1905 turcicas,
884 1862 1064 1899 nostra-

320 1922 391 1960 tes
435 1916 632 1959 welsche
680 1915 863 1959 bohnen
912 1916 1069 1970 appel-

319 1976 430 2019 lant.
445 1974 680 2019 Kaercher
692 1975 736 2018 in
755 1975 955 2030 Etymol.
977 1975 1070 2018 bei-

319 2039 467 2090 traeg.
485 2035 525 2076 4.
555 2048 598 2089 p.
629 2034 699 2077 43.
739 2033 975 2086 „dolichos
994 2034 1070 2078 bei

320 2094 437 2142 Plin.
460 2094 527 2144 16,
547 2093 645 2135 244.
680 2094 741 2135 ist
759 2093 859 2136 eine
887 2092 1068 2147 pflanze

319 2151 493 2197 welche
512 2151 629 2196 auch
642 2151 906 2207 phaseolus‚
925 2150 1065 2195 franz.

320 2210 424 2255 seve
443 2212 500 2254 de
519 2224 628 2262 mer,
662 2210 883 2254 feverolle
909 2210 1066 2262 heisst‚

319 2284 482 2315 unsere
501 2269 616 2314 feld-
630 2271 743 2314 oder
754 2268 1065 2314 kernbohne“.

319 2343 422 2374 mea
455 2330 572 2374 Oler.
607 2343 651 2384 p.
686 2330 755 2372 26.
791 2330 858 2371 27.
898 2355 944 2358 ψ-
990 2329 1069 2372 ci-

320 2403 414 2434 cer
459 2389 681 2433 Italorum
730 2401 851 2439 cece,
912 2387 1069 2432 Gallo-

320 2462 416 2492 rum
465 2449 568 2503 pois
618 2447 825 2498 chiches,
885 2445 1068 2490 frictum

321 2507 653 2551 comedebatur
697 2512 743 2550 et
777 2507 1069 2550 immaturum

318 2567 558 2621 virideque
602 2571 649 2609 et
693 2566 737 2608 in
775 2577 897 2621 aqua
930 2565 1069 2609 elixa-

319 2631 415 2669 tum
460 2633 507 2669 et
548 2625 645 2669 eius
688 2624 837 2667 farina
886 2625 931 2667 in
971 2625 1068 2668 iure

319 2685 508 2736 elixa-ta,
543 2685 704 2728 Galen.
740 2683 797 2726 (16
830 2682 916 2726 fac.
947 2683 1005 2726 al.
1030 2685 1069 2735 1,

319 2746 389 2789 29.
426 2744 528 2788 coll.
564 2743 742 2788 Medico
776 2755 847 2797 ap.
875 2742 1066 2786 Ι(161.ΙΙ.

318 2817 361 2859 p.
397 2805 499 2856 269,
534 2806 572 2847 1.
618 2816 674 2848 ex
718 2800 936 2857 ἐρέβινθος
966 2802 1069 2846 bar-

318 2866 419 2910 bari
451 2863 662 2909 fecerunt
704 2861 893 2917 ῥεβίνθια
926 2866 973 2905 et·
1007 2860 1073 2920 ῥεᾏ

1157 1211 1259 1259 stiffi.
1296 1233 1349 1237 —
1389 1208 1645 1254 elixatis
1680 1210 1817 1254 codd.
1854 1236 1909 1244 —

1158 1267 1694 1324 lobisHum.corr.pro
1717 1270 1909 1314 ovis—-

1157 1328 1328 1381 piper
1352 1331 1409 1370 et
1432 1326 1723 1381 liquamen
1743 1328 1789 1371 in
1810 1342 1906 1373 sex.

1160 1410 1212 1415 ——
1261 1398 1365 1440 pro
1413 1386 1578 1430 salso
1630 1387 1735 1431 loco
1782 1387 1910 1439 salis,

1157 1456 1216 1487 an
1248 1443 1353 1487 loco
1388 1443 1679 1500 liquaminis?
1723 1444 1778 1490 cf.
1815 1446 1906 1490 sal-

1158 1516 1257 1546 sum
1288 1503 1390 1546 386.
1424 1508 1472 1546 et
1502 1504 1564 1547 ad
1589 1505 1687 1549 109.
1709 1530 1752 1535 —
1779 1505 1907 1549 sim-

1159 1562 1412 1617 pliciter
1443 1563 1639 1618 simplici
1671 1564 1767 1608 iure
1800 1564 1902 1608 204.

1158 1622 1255 1665 sine
1299 1621 1393 1664 ullo
1438 1622 1766 1666 condimento?
1816 1622 1907 1667 cibi

1158 1680 1254 1723 sine
1289 1680 1383 1724 ullo
1403 1681 1633 1735 exquisito
1653 1695 1906 1738 coquorum

1158 1734 1354 1782 artificio
1403 1740 1554 1794 parati
1603 1739 1792 1784 Graecis
1840 1740 1907 1784 di-

1157 1802 1321 1841 cuntur
1330 1797 1636 1851 ἀβαμβάκευτα
1652 1798 1905 1854 ap.Athen.

1156 1857 1198 1908 4,
1242 1859 1311 1899 222.
1356 1858 1384 1900 i.
1430 1871 1466 1901 e.
1516 1858 1618 1898 ἄνευ
1665 1857 1907 1911 βάμματος,

1163 1915 1298 1959 fricta
1341 1917 1490 1960 cicera
1533 1930 1634 1960 cum
1676 1917 1773 1961 sale
1813 1930 1908 1961 mo-

1161 1975 1266 2018 dico
1299 1975 1342 2017 in
1377 1976 1612 2031 sartagine
1654 1976 1778 2020 sicca
1810 1988 1909 2020 sae-

1161 2034 1263 2089 pius
1292 2039 1719 2078 commemorantur.

1250 2092 1341 2136 Ad
1389 2094 1604 2138 librum
1654 2093 1733 2137 VI.
1782 2098 1909 2138 tro-

1159 2165 1188 2207 p
1202 2151 1229 2194 h
1246 2165 1269 2195 e
1284 2158 1303 2195 t
1316 2165 1339 2196 e
1353 2165 1374 2195 s
1406 2153 1670 2196 inscribitur
1686 2153 1731 2196 in
1751 2152 1822 2197 ed.
1841 2166 1907 2208 pr.

1159 2216 1433 2266 tropetes
1466 2212 1511 2254 in
1544 2211 1617 2255 ed.
1653 2211 1838 2256 mediol.
1859 2215 1910 2254 ut

1159 2271 1205 2313 in
1238 2270 1374 2314 codd.
1418 2272 1625 2325 τροπέτης
1667 2276 1739 2314 est
1771 2269 1911 2326 ἐρέτης

1160 2343 1328 2380 remex,
1346 2331 1590 2385 remigans,
1608 2329 1800 2385 remigio
1814 2329 1910 2372 ala-

1161 2402 1258 2432 rum
1291 2388 1467 2439 volans,
1510 2388 1609 2432 avis
1647 2388 1809 2443 pennis
1841 2401 1910 2432 re-

1160 2448 1338 2503 migans
1373 2447 1597 2502 (Hildebr.
1633 2447 1695 2491 ad
1733 2446 1910 2502 Apulei

1161 2512 1265 2550 met.
1300 2507 1341 2558 5,
1376 2508 1447 2550 25.
1492 2520 1535 2562 p.
1569 2507 1689 2560 367).
1752 2505 1910 2550 Nostri

1161 2571 1371 2621 tempore
1403 2570 1613 2621 tropetes
1647 2570 1719 2609 est
1750 2569 1798 2609 et
1829 2577 1909 2608 vo-

1161 2625 1260 2668 lans
1294 2637 1411 2680 quae
1444 2625 1572 2676 avis,
1599 2624 1720 2668 unde
1751 2623 1909 2668 volan-

1160 2691 1257 2728 tum
1291 2683 1398 2728 caro
1432 2696 1504 2739 ap.
1537 2683 1662 2727 Cael.
1695 2681 1910 2726 Aurelia-

1160 2757 1266 2787 num
1284 2743 1508 2799 aliosque‚
1539 2744 1755 2791 πετεινῶν,
1788 2753 1909 2784 com-

1158 2807 1323 2858 parate
1351 2802 1468 2846 liber
1485 2802 1542 2846 de
1560 2800 1741 2849 avibus.
1774 2800 1908 2844 Hum.

1159 2862 1208 2906 id
1254 2862 1463 2906 nesciens
1511 2859 1697 2917 scripsit
1739 2871 1909 2903 aero-
