2066 3276
272 259 346 313 34
826 252 926 307 Lib.
958 262 995 308 Ι.
1056 262 1302 319 Epimeles.

383 394 469 445 20.
510 393 731 447 Ficum
763 399 1130 461 recentem,
1172 396 1361 462 mala,
1402 413 1634 466 plana,
1683 398 1854 467 pira,

273 467 549 520 cerasia
586 472 655 519 ut
693 466 807 519 diu
846 483 1111 520 serves:
1157 469 1332 522 omnia
1373 487 1491 522 cum
1529 472 1740 540 petiolis
1780 472 1856 524 di-

270 541 500 608 ligenter
538 540 701 607 legito
744 545 795 594 et
832 540 887 592 in
919 542 1075 594 melle
1101 543 1303 612 ponit0,
1344 560 1411 596 ne
1440 560 1498 596 se
1529 545 1853 612 contingant.

382 615 468 666 21.
531 613 750 667 Citria
795 619 864 666 ut
914 614 1029 667 diu
1081 616 1351 669 durent:
1410 617 1466 669 in
1519 634 1613 671 vas
1654 618 1858 672 citrium

269 688 434 753 mitte,
476 687 631 758 gipso
672 687 958 758 suspende.

384 762 470 813 22.
522 762 605 815 Ut
657 761 768 814 diu
808 761 1061 815 durent
1108 779 1317 816 mora:
1372 781 1439 817 ex
1478 764 1638 816 moris
1678 780 1862 817 sucum

246 834 431 889 facito
473 839 527 888 et
564 852 683 889 cum
722 852 856 906 sapa
896 835 1059 890 misce
1097 836 1152 888 in
1190 837 1357 891 vitreo
1384 854 1531 905 vaSO,
1572 843 1681 890 tum
1711 854 1863 891 mora

270 908 430 962 mitte.
476 909 745 963 custodies
784 909 948 961 multo
987 915 1241 980 tempore.

384 983 470 1036 23.
501 983 759 1036 Holera
794 988 862 1035 ut
901 982 1017 1035 diu
1056 989 1455 1039 serventur:
1484 984 1670 1038 holera
1694 984 1865 1038 electa

270 1073 378 1110 non
417 1056 546 1111 satis
586 1062 790 1110 matura
827 1057 881 1109 in
919 1057 1250 1125 vaspicetum
1288 1075 1506 1126 repone.

383 1131 470 1185 24.
511 1131 748 1199 Rapae
781 1135 850 1183 ut
883 1130 999 1184 diu
1030 1136 1422 1187 serventurz
1463 1137 1624 1186 antea
1653 1137 1863 1186 curatas

271 1297 343 1336 est
372 1296 571 1336 mustum
604 1291 848 1336 decoctum
879 1291 1019 1348 idque

270 1351 333 1395 ad
365 1351 616 1403 dimidiam,
649 1351 846 1395 decocta
868 1352 1018 1395 suavi-

270 1415 344 1454 tas
377 1410 523 1454 Cicer.
542 1410 600 1454 de
629 1415 749 1456 orat.
766 1411 809 1462 3,
828 1410 899 1461 26,
920 1410 1017 1454 103.

270 1468 416 1526 ἕψημα
448 1469 586 1513 Plinii
617 1470 658 1521 9,
691 1469 761 1513 80.

359 1528 421 1572 ad
453 1528 524 1572 20.
558 1528 810 1584 petiolis
840 1540 897 1572 ex
918 1540 1015 1583 par.

271 1587 344 1632 ed.
386 1601 452 1643 pr.
497 1588 553 1631 Η.
607 1601 693 1643 pro
741 1587 1020 1643 peciolis.

271 1646 435 1692 eadem
451 1647 653 1691 varietas
682 1659 739 1691 ex
755 1647 1022 1702 pronuntia-

270 1706 398 1750 tione
428 1711 540 1750 nata
572 1705 749 1751 Colum.
776 1707 844 1757 12,
874 1705 947 1757 46,
981 1706 1021 1750 7.

273 1766 344 1816 12,
375 1765 448 1817 49,
479 1766 519 1809 8.
565 1765 623 1810 de
666 1764 818 1809 arbor
862 1765 933 1816 23,
979 1767 1018 1808 2.

270 1837 440 1880 sequor
471 1824 667 1869 Nonium
700 1837 743 1879 p.
783 1824 878 1868 109.
915 1837 1022 1879 „De-

270 1883 411 1927 tiolus
459 1896 488 1927 a
538 1884 658 1938 pede
706 1883 1020 1927 diminutive“.

272 1949 343 1987 est
366 1942 608 1997 pediculus
637 1942 772 1986 Plinii
804 1947 852 1986 et
885 1941 1022 1986 Colu-

270 2001 435 2046 mellae
450 2009 496 2046 et
506 2001 686 2045 Pallad.
701 2003 743 2052 2,
761 2003 829 2052 15,
842 2002 899 2052 5.,
916 2014 1020 2057 par-

270 2073 355 2104 vus
387 2074 470 2116 pes
504 2073 595 2117 quo
628 2059 791 2104 folium
823 2065 905 2104 aut
936 2074 1019 2115 po-

270 2133 393 2164 mum
420 2121 674 2164 sustinetur
702 2123 750 2164 et
766 2119 923 2165 arbori
938 2119 1018 2163 ad·

270 2178 445 2223 haeret.

366 2237 428 2281 ad
459 2238 532 2282 21.
580 2237 822 2282 citrium
856 2236 1023 2292 repeti-

271 2301 347 2341 tur
368 2302 420 2341 ut
445 2297 650 2341 dicatur:
683 2296 867 2354 singula
899 2296 1023 2340 vasis

271 2356 466 2414 singulis
511 2356 800 2407 claudantur,
844 2355 1024 2399 Pallad.

270 2415 314 2467 4,
350 2415 419 2466 10,
455 2416 522 2460 18.
555 2415 671 2459 Plin.
712 2417 778 2467 15,
804 2415 874 2458 65.
907 2414 1024 2470 gip-

271 2487 336 2519 so
399 2474 699 2530 suspende
763 2486 877 2518 corr.
937 2486 1023 2528 pro

271 2533 465 2590 gipsa,
508 2546 663 2588 susp·
709 2538 760 2577 ut
802 2533 889 2577 sit:
932 2545 1025 2576 non

271 2595 388 2636 satis
406 2591 638 2648 profunde
655 2605 826 2648 merge,
860 2591 1026 2635 leviter

272 2651 485 2696 demersa
554 2663 806 2707 compone,
873 2663 1024 2707 gypso

272 2710 413 2755 alline
437 2724 493 2755 ex
518 2710 700 2754 Pallad.
725 2709 839 2766 γύψ
823 2725 854 2748 ω
877 2724 1023 2761 πεφυ-

273 2772 430 2826 ραμένῃ
482 2767 682 2825 κατάχριε
730 2782 788 2814 ex
832 2768 1026 2813 Sotione

275 2828 764 2885 Geopon.10‚10.sic
785 2828 926 2872 sorba
947 2823 1026 2872 fic-

272 2888 433 2935 tilibus
450 2901 596 2944 usque
613 2888 674 2932 ad
695 2887 881 2943 plenum
899 2886 1020 2931 clau-

1110 1292 1282 1336 duntur
1311 1292 1510 1337 urceolis
1545 1305 1696 1349 gypso
1727 1292 1864 1337 desu-

1108 1364 1192 1407 per
1223 1352 1374 1405 tectis‚
1409 1364 1481 1407 ap.
1519 1351 1636 1395 Pall.
1662 1353 1703 1402 2,
1723 1351 1792 1402 15,
1818 1351 1862 1396 4.

1108 1423 1261 1468 gypso
1293 1411 1493 1455 includis
1531 1412 1601 1461 11,
1636 1411 1706 1462 17,
1740 1413 1783 1455 2.

1197 1470 1259 1514 ad
1281 1471 1350 1513 22.
1385 1482 1546 1515 mora
1578 1483 1667 1513 om.
1698 1473 1755 1524 fis
1788 1468 1860 1514 ed.

1113 1542 1181 1584 pr.
1217 1554 1271 1559 —
1314 1534 1434 1574 tum
1468 1542 1581 1573 corr.
1617 1541 1701 1584 pro
1736 1541 1863 1572 cum

1113 1600 1272 1631 mora
1325 1589 1400 1633 vel
1451 1602 1571 1632 cum
1617 1600 1862 1632 moram.

1111 1646 1246 1691 Hum.
1279 1647 1350 1691 ed.
1397 1653 1474 1699 „et
1517 1648 1563 1690 in
1606 1660 1646 1690 v.
1681 1660 1721 1691 v.
1760 1660 1863 1691 cum

1111 1706 1251 1750 moris
1293 1710 1381 1749 m.“
1425 1731 1479 1736 —
1520 1718 1663 1750 vase
1702 1705 1861 1761 vulgo.

1111 1777 1195 1808 suo
1237 1765 1415 1809 iusculo
1457 1778 1491 1808 s.
1527 1777 1637 1808 suco
1671 1764 1865 1819 impleta
1943 1791 1953 1793 ⁴

1113 1824 1281 1878 perdiu
1313 1824 1489 1868 servari
1506 1828 1705 1867 testatur
1722 1823 1863 1867 etiam

1111 1881 1328 1939 Berytius
1362 1883 1569 1938 Geopon.
1608 1882 1676 1933 10,
1700 1883 1767 1926 70.
1802 1882 1863 1925 si-

1111 1941 1281 1986 militer
1307 1943 1354 1985 in
1378 1942 1559 1986 Arabia
1583 1941 1743 1984 dactili
1778 1953 1862 1984 suo

1110 2001 1315 2055 ipsorum
1338 2013 1449 2046 suco
1493 2013 1714 2056 expresso
1754 2012 1862 2044 con-

1110 2060 1296 2104 duntur.

1199 2119 1260 2162 ad
1287 2120 1359 2162 23.
1392 2117 1605 2162 holera
1636 2130 1721 2172 pro
1747 2116 1861 2162 ole-

1114 2189 1177 2221 ra
1209 2191 1265 2222 ex
1296 2177 1399 2221 aliis
1417 2177 1543 2221 locis.
1607 2175 1737 2221 Iahn.
1756 2176 1863 2219 Var.

1114 2237 1240 2280 Lect.
1275 2237 1483 2280 adPers.
1509 2237 1549 2287 6,
1576 2236 1645 2280 20.
1669 2260 1722 2265 -—
1742 2246 1865 2279 vas·

1113 2296 1374 2351 picetum
1419 2295 1585 2350 scripsi
1630 2307 1715 2349 pro
1760 2306 1865 2339 vas

1113 2355 1367 2410 picitum
1390 2354 1466 2398 vel
1499 2354 1762 2409 picatum
1790 2352 1865 2398 ed.

1114 2427 1180 2470 pr.
1224 2414 1279 2457 H.
1324 2419 1376 2456 ut
1414 2411 1567 2457 frutex
1601 2411 1866 2455 fruticetum

1115 2479 1163 2517 et
1179 2471 1427 2516 frutectum
1453 2485 1526 2527 ap.
1556 2471 1681 2515 Fest.
1699 2484 1742 2526 p.
1761 2471 1865 2522 369,

1115 2533 1155 2576 3.
1201 2531 1320 2576 salix
1351 2531 1616 2575 salictetum
1650 2535 1697 2574 et
1728 2529 1865 2573 salic-

1116 2595 1213 2635 tum
1246 2590 1373 2640 facit,
1392 2590 1459 2634 sic
1482 2590 1646 2645 vaspix
1666 2589 1733 2632 17.
1765 2600 1866 2632 vas·

1116 2651 1319 2706 picetum
1348 2650 1538 2705 eiusque
1565 2648 1741 2692 farinae
1758 2650 1866 2691 sunt

1118 2709 1369 2760 dumetum,
1412 2709 1638 2753 virectum
1678 2718 1752 2762 ap.
1785 2705 1866 2749 lsi

1118 2742 1471 2820 (101·.17,6,2.

1205 2827 1267 2871 ad
1299 2826 1370 2871 24.
1403 2830 1583 2870 antea
1614 2836 1724 2868 cur.
1759 2835 1817 2867 ex
1845 2823 1866 2871 ζ

1111 2900 1196 2943 pro
1220 2890 1360 2932 ante
1380 2897 1494 2929 acc.
1529 2885 1749 2938 „curare“
1773 2893 1863 2933 me-
