2066 3276
243 221 316 275 40
772 221 872 270 Lib.
905 223 961 270 II.
1024 222 1287 283 Sarcoptes.

356 361 442 414 39.
496 357 712 411 Isicia
752 356 835 411 de
876 357 1161 424 squillis
1201 359 1312 412 vel
1353 358 1430 412 de
1471 361 1833 415 cammaris

241 434 517 503 amplis:

579 430 829 486 cammari
879 432 965 485 vel
1018 431 1242 498 squillae
1295 431 1363 485 de
1414 437 1551 486 testa
1590 451 1686 487 sua
1727 436 1832 488 exi-

240 514 450 561 muntur
490 511 542 560 et
578 505 632 558 in
672 505 922 558 mortario
962 510 1201 559 teruntur
1230 523 1346 559 cum
1374 506 1563 575 pipere
1592 513 1644 561 et
1668 508 1832 576 liqua-

240 582 382 636 mine
422 581 638 649 optimo.
680 579 846 647 pulpa
884 579 1035 631 isicia
1074 580 1391 647 plassantur.

357 657 443 709 40.
487 654 854 708 Omentata
892 653 988 705 ita
1025 651 1236 706 fiunt:
1288 670 1439 713 assas
1477 654 1626 707 iocur
1664 656 1834 724 porci-

239 747 365 783 num
422 734 474 784 et
526 744 644 783 eum
686 744 926 780 enervas.
980 731 1105 782 ante
1143 732 1322 781 tamen
1361 733 1501 782 teras
1540 729 1711 798 piper,
1752 746 1834 782 ru-

237 808 363 872 tam,
415 805 682 872 liquamen
736 806 788 854 et
836 800 912 855 sic
962 802 1285 870 supermittis
1323 802 1471 856 iocur
1512 807 1564 856 et
1600 808 1742 857 teres
1784 808 1837 857 et

236 878 447 946 misces,
489 878 627 932 sicut
662 875 830 945 pulpa
871 881 1084 929 omento
1125 875 1199 928 ita
1241 881 1292 929 et
1322 876 1532 944 singula
1558 877 1831 930 involvun-

236 957 320 1005 tur
360 952 490 1006 folia
527 950 676 1005 lauri.
723 954 775 1003 et
813 949 884 1002 ad
923 949 1119 1002 fumum
1162 950 1557 1019 suspenduntur
1583 951 1835 1018 quamdiu

236 1027 402 1081 voles
448 1043 566 1081 cum
606 1023 931 1078 manducare
971 1024 1220 1092 volueris,
1273 1025 1429 1078 tolles
1482 1024 1549 1077 de
1598 1025 1741 1078 fumo
1784 1031 1836 1080 ct

234 1099 408 1155 denuo
450 1115 618 1155 assas,

348 1176 436 1228 41.
498 1176 577 1229 Et
617 1171 895 1226 siclum:

233 1322 375 1363 πουλύ
399 1338 496 1363 ὀυν
528 1322 575 1366 in
607 1321 775 1367 Zenob.
797 1334 928 1377 prov.
949 1321 991 1371 3,

238 1381 309 1426 24.
347 1407 398 1412 -
434 1382 593 1426 malim
625 1386 683 1426 et
710 1395 832 1425 cum
851 1386 903 1425 ut
919 1382 990 1425 39.

231 1467 285 1472 -—
325 1439 606 1497 frigatur
636 1441 681 1484 in
713 1441 934 1497 plurimis.

326 1500 387 1544 ad
420 1502 489 1544 39.
563 1500 796 1544 iscillis
856 1500 990 1544 codd.

238 1559 446 1604 scillis
475 1560 546 1604 ed.
565 1572 632 1615 pr.
652 1560 822 1616 squilla
859 1559 992 1604 scilla

230 1619 388 1675 scylla
432 1620 618 1663 variant
662 1631 734 1674 ap.
769 1619 885 1663 Plin.
919 1620 991 1670 32,

236 1679 337 1722 151.
372 1679 415 1730 9,
451 1678 548 1722 142.
583 1678 715 1722 Mart.
753 1679 823 1730 13,
844 1678 989 1722 83.—

240 1737 467 1794 pulpae
510 1737 581 1782 ed.
616 1751 683 1793 pr.
720 1750 821 1781 cum
855 1737 989 1782 codd.

323 1797 385 1841 ad
417 1797 491 1842 40.
542 1797 727 1848 iocur,
760 1797 990 1848 iocineris,

231 1869 316 1912 pro
335 1857 351 1900 i
365 1870 389 1900 0
403 1869 427 1900 0
438 1870 467 1901 11
481 1871 503 1900 1
519 1856 692 1911 ubique
709 1857 872 1912 scripsi
890 1869 991 1900 cum

228 1915 434 1972 Silligio‚
466 1915 650 1959 Halmio
688 1916 865 1960 emend.
898 1915 991 1959 Va-

230 1975 335 2019 ler..
363 1988 407 2030 p.
455 1975 495 2018 4.
548 1975 606 2018 al.
659 2000 711 2004 ——
763 1988 820 2019 ex
852 1974 989 2019 codd.

231 2039 547 2079 omentata
607 2033 696 2079 feci
749 2039 989 2079 omento

233 2093 336 2137 ita.
371 2091 426 2137 cf.
459 2093 531 2137 43.
568 2092 669 2137 264.
690 2093 789 2138 292.
824 2119 877 2124 ——
912 2093 988 2137 in-

228 2152 991 2201 volvanturannvolutan-

229 2215 326 2255 tur
358 2210 455 2253 δθκ.
490 2211 560 2256 οᾱ.
594 2224 661 2266 pr.
696 2211 751 2254 H.
790 2236 841 2241 —-
891 2212 989 2256 de-

232 2269 450 2314 fumum
494 2274 535 2322 β.
578 2270 606 2314 i.
640 2284 677 2315 e.
713 2268 990 2322 desumeum,

231 2327 469 2373 fumidum.
502 2329 671 2385 placet.
698 2355 752 2361 —
778 2329 990 2373 sicium

230 2392 272 2440 β.
309 2389 436 2444 quod
480 2393 604 2433 esset
649 2388 886 2440 ‚‚isicium“
932 2387 988 2432 cf.

233 2447 334 2491 175.
367 2447 467 2491 391.
502 2447 605 2492 406.
642 2447 738 2491 166.
784 2461 990 2492 sucum

229 2503 294 2561 γὸ.
345 2519 584 2551 8110011111
633 2507 722 2554 ζθκ.
767 2507 989 2551 siccum

231 2580 274 2604 π.
322 2565 395 2609 ed..
438 2578 505 2620 pr.
551 2565 683 2609 Hum.
731 2566 810 2621 qui
841 2566 991 2610 edidit

230 2627 289 2667 et
337 2624 562 2668 siccum
621 2624 887 2668 adiicies
934 2625 989 2668 in

228 2683 581 2727 mortarium
658 2683 858 2738 piper.
937 2687 989 2727 ut

230 2741 433 2792 ..siccum
480 2742 778 2785 mortarium“
840 2741 985 2796 habes

229 2801 329 2844 388.
366 2801 468 2857 quis
495 2814 588 2845 non
607 2800 798 2845 deliret!
831 2801 985 2845 inveni

231 2862 280 2906 et
318 2871 489 2906 assas
531 2865 587 2905 et
622 2872 822 2905 sucum
854 2860 984 2905 adi-

956 1170 1160 1226 adicies
1211 1172 1264 1224 in
1316 1172 1621 1226 mortarium
1659 1172 1831 1243 piper,

1085 1322 1221 1366 cies.
1284 1318 1536 1366 Adicies
1577 1322 1632 1365 in
1665 1327 1831 1367 mort.

1084 1385 1192 1426 cet.
1225 1384 1277 1424 ut
1293 1381 1363 1424 43.
1400 1381 1696 1432 „subassabis
1730 1395 1832 1426 cum

1083 1443 1337 1498 garoeno·‘‚
1371 1445 1419 1484 et
1442 1452 1638 1491 „assas
1663 1455 1729 1486 ex
1751 1455 1832 1486 su-

1084 1504 1192 1545 011“.
1255 1498 1510 1544 Adicies
1533 1505 1620 1544 cet.
1656 1505 1704 1545 et
1733 1514 1831 1553 „as-

1082 1573 1170 1605 sas.
1227 1558 1288 1601 Et
1313 1559 1498 1602 sioium:
1531 1560 1750 1613 adicies“‚
1781 1566 1834 1605 ut

1082 1618 1376 1675 suppleretur
1420 1619 1515 1670 „ita
1554 1617 1742 1671 facies“‚
1786 1625 1834 1664 et

1081 1683 1190 1735 post
1224 1677 1498 1728 ‚,concides“
1526 1683 1680 1723 mente
1703 1692 1832 1735 repe-

1082 1738 1224 1783 tenda.
1238 1742 1393 1781 essent
1407 1749 1524 1792 quac
1537 1751 1679 1793 supra
1692 1738 1833 1783 docta

1081 1801 1201 1848 sunt,
1255 1808 1356 1841 eam
1398 1810 1494 1840 rem
1537 1802 1718 1841 coctam
1785 1803 1833 1843 et

1081 1856 1198 1901 isicii
1241 1868 1368 1900 more
1402 1856 1634 1900 concisam
1678 1871 1832 1902 omen-

1081 1915 1270 1960 tandam
1312 1915 1339 1958 i.
1385 1929 1423 1959 e.
1467 1920 1655 1960 omento
1708 1917 1831 1961 incu-

1082 1975 1286 2020 tiendam
1323 1987 1425 2019 esse
1458 1974 1728 2031 isiciumque
1764 1977 1831 2020 ita

1080 2039 1239 2078 natum
1302 2032 1428 2078 fumo
1481 2034 1736 2079 durandum
1785 2040 1832 2080 et

1083 2107 1184 2138 cum
1218 2093 1378 2137 lubeat
1410 2094 1672 2137 assandum.
1731 2094 1830 2147 Quo

1083 2153 1195 2197 dato
1228 2152 1287 2197 ab
1309 2152 1459 2196 altero
1495 2153 1727 2204 „adicies“
1760 2154 1831 2198 ius

1081 2212 1277 2256 docetur
1308 2212 1435 2267 quod
1465 2212 1510 2254 in
1537 2211 1736 2256 boletari
1758 2226 1831 2257 811-

1079 2284 1163 2326 per
1194 2277 1400 2314 assatum
1431 2270 1609 2314 isicium
1642 2276 1829 2317 omento

1079 2330 1304 2374 inclusum
1327 2334 1556 2385 anteaque
1573 2329 1635 2373 ad
1656 2329 1831 2375 fumum

1081 2402 1353 2444 suspensum
1386 2387 1620 2440 fundatur,
1654 2394 1706 2433 ut
1726 2391 1827 2435 383.

1078 2447 1311 2503 porcellus
1345 2448 1588 2491 conditura
1625 2448 1670 2491 in
1702 2448 1830 2493 bole-

1080 2507 1169 2550 tari
1200 2505 1509 2562 perfunditur.

1168 2566 1230 2610 ad
1259 2565 1331 2608 41.
1365 2565 1605 2609 astulas
1636 2582 1705 2621 γφ.
1738 2578 1828 2621 pa-

1078 2625 1278 2669 stulas
1311 2640 1356 2667 π.
1399 2624 1636 2668 38811138
1668 2629 1710 2676 β.
1754 2625 1825 2670 ed.

1077 2697 1143 2739 pr.
1178 2684 1234 2728 H.
1269 2681 1325 2727 cf.
1357 2683 1493 2727 Voss.
1515 2684 1573 2728 de
1592 2683 1674 2727 vit
1693 2696 1825 2728 serm.

1078 2743 1160 2786 lat.
1193 2756 1235 2797 p
1256 2742 1355 2786 360.
1390 2742 1525 2799 Sillig
1542 2743 1603 2786 ad
1618 2742 1734 2785 Plin.
1757 2742 1829 2793 16,

1076 2801 1145 2845 54.
1190 2802 1261 2845 57.
1306 2800 1669 2847 --habeant
1709 2814 1823 2844 corr.

1074 2873 1160 2918 pro
1204 2860 1439 2906 habeat
1486 2884 1541 2891 —
1583 2863 1645 2906 ut
1686 2872 1743 2906 ex
1782 2864 1824 2912 β.
