2066 3276
339 293 444 349 134

878 292 978 339 Lib.
1003 292 1101 339 VII.
1156 291 1392 339 Politeles.

451 428 575 480 263.
632 428 706 479 In
753 426 974 480 ficato
1024 442 1471 494 oenogarum:
1514 426 1684 495 piper,
1725 423 1922 491 timum,
1966 488 1977 495 ι

334 501 637 570 ligisticum,
680 500 964 569 liquamen,
1007 501 1183 553 vinum
1221 499 1448 567 modice,
1491 500 1678 554 oleum.

450 576 574 627 264.
617 574 816 627 Aliter:
857 575 1071 627 ficatum
1111 573 1378 642 praecidis
1431 573 1500 625 ad
1554 591 1795 638 cannam,
1848 573 1923 624 in-

335 647 514 702 fundis
552 648 608 700 in
649 648 951 714 liquamine.
998 648 1167 717 piper,
1220 647 1521 714 ligisticum,
1576 649 1741 700 bacas
1792 646 1926 698 lauri

335 721 469 775 duas
528 721 774 775 involves
813 722 867 775 in
920 726 1207 790 augmento
1264 726 1316 774 et
1365 721 1419 774 in
1473 721 1724 775 craticula
1776 735 1926 774 assas

339 801 393 850 et
429 794 643 849 inferes,

334 928 468 973 dum“
515 932 731 984 recteque
773 939 874 970 cum
908 925 1087 972 Sci‘lve-

335 988 405 1032 rio
439 986 553 1031 facit
584 986 700 1030 Bast
733 985 793 1029 ad
826 986 1088 1041 Boettigeri

333 1046 408 1091 Kl.
444 1046 560 1091 schr.
595 1046 661 1090 III
704 1059 747 1101 p.
782 1046 882 1088 223.
926 1044 1087 1089 heci-

332 1119 435 1150 nus
468 1106 627 1156 insex,
660 1104 908 1150 eclimus
928 1104 998 1148 ed.
1018 1118 1084 1160 pr.

335 1163 391 1211 cf.
429 1166 527 1209 133.
562 1164 811 1208 425—429.
845 1163 947 1207 440.
997 1163 1086 1207 sal-

334 1238 435 1269 sum
484 1237 587 1269 eum
636 1222 801 1267 fecisse
848 1222 1085 1267 Romanos

335 1283 605 1338 salibusque
650 1281 912 1326 condidisse
944 1294 1085 1337 appa-

334 1347 408 1387 ret
441 1356 498 1386 ex
529 1341 710 1385 Pallad.
747 1342 787 1391 2,
824 1341 891 1382 16v
942 1341 1009 1391 13,
1043 1341 1082 1383 6.

332 1402 445 1446 Hor.
480 1405 566 1445 sat.
604 1402 646 1450 2,
678 1400 720 1450 4,
756 1401 824 1442 33.
861 1400 902 1449 2,
936 1400 977 1449 8,
1014 1399 1084 1442 52.

332 1460 487 1504 Iuven.
522 1459 564 1510 4,
600 1459 696 1502 143.
731 1457 903 1501 Athen.
939 1459 981 1508 3,
1012 1458 1082 1501 41.

332 1519 500 1563 Rader.
522 1518 733 1564 adMart.
756 1518 824 1567 13,
842 1517 910 1560 86.
929 1530 1085 1561 mense

332 1578 548 1623 Ianuario
607 1578 771 1621 iustam
833 1575 1084 1619 confectio-

331 1651 436 1682 nem
480 1636 717 1692 accepisse
757 1649 813 1679 ex
845 1635 1019 1679 Colum.
1046 1636 1087 1685 2,

334 1697 402 1741 16.
436 1701 629 1752 propter
662 1707 752 1739 ova
783 1708 816 1737 s.
844 1694 994 1737 colum
1014 1707 1087 1737 co-

334 1769 509 1801 mesum
584 1759 742 1799 monet
803 1752 1087 1797 Aristotcles

333 1815 440 1860 hist.
477 1827 549 1859 an.
584 1815 627 1866 5,
664 1815 732 1857 12.
768 1812 870 1856 coll.
893 1812 950 1856 de
968 1817 1086 1867 part.

332 1875 467 1918 anim.
504 1874 545 1925 4,
578 1874 617 1917 5.
657 1898 706 1903 —
743 1885 852 1928 quo
886 1872 1089 1915 suitur

334 1933 469 1979 codd.
518 1932 743 1977 volebant
798 1944 920 1975 cos.
970 1931 997 1973 i.
1048 1943 1086 1975 e.

334 2006 458 2037 cons.
498 2018 549 2022 --
595 1991 714 2035 alle
734 2003 798 2034 co
834 1989 969 2033 codd.
1002 1990 1086 2032 al-

333 2052 466 2097 lece
499 2051 568 2096 ed.
604 2065 670 2106 pr.
692 2051 747 2093 H.
784 2047 839 2093 cf.
868 2049 966 2092 288.
986 2048 1086 2092 431.

337 2112 395 2156 de
429 2124 485 2155 eo
518 2123 633 2167 garo
669 2122 825 2154 crasso
848 2121 996 2163 neque
1015 2121 1089 2151 co-

333 2171 432 2215 lato
471 2172 539 2225 (at
572 2168 627 2213 cf.
663 2169 783 2222 288.)
828 2167 957 2211 locus
1000 2167 1090 2222 pri-

333 2229 504 2273 marius
536 2228 674 2271 Plinii
703 2228 776 2278 31,
800 2227 871 2270 95.
907 2225 1090 2281 Geopo-

333 2289 419 2332 nic.
456 2289 526 2338 20,
558 2287 631 2338 46,
666 2288 703 2329 2.
740 2299 840 2330 cum
874 2285 966 2328 Ien.
999 2285 1088 2327 Lit.

334 2348 448 2391 Zeit.
485 2347 611 2390 1833.
647 2359 767 2389 num.
803 2345 874 2394 27,
908 2358 951 2398 p.
987 2344 1087 2387 214.

334 2406 461 2450 Iahn.
496 2405 649 2449 Iahrb.
686 2405 812 2447 1338.
847 2403 1006 2446 XXIII
1043 2416 1087 2457 p.

336 2465 440 2508 458.
474 2465 674 2519 interpp.
708 2463 769 2506 ad
801 2463 912 2506 Hor.
942 2466 1027 2506 sat.
1049 2464 1089 2512 2,

335 2524 378 2575 4,
415 2524 483 2568 73.
519 2523 624 2567 coll.
659 2523 730 2566 65.
774 2548 817 2551 -—
865 2534 1090 2575 senape

336 2582 472 2627 codd.
511 2595 624 2625 corr.
662 2586 709 2625 et
743 2581 841 2623 127.

424 2641 485 2684 ad
518 2640 618 2684 264.
663 2638 914 2684 ficatum
948 2653 1088 2679 ovum..

334 2699 427 2748 τὸν,
475 2695 575 2744 ficis
624 2698 767 2741 aridis
823 2698 1088 2753 saginatum

335 2758 432 2803 scil.
467 2759 594 2802 iecur
620 2757 810 2808 anseris,
843 2756 965 2800 unde
982 2757 1089 2800 Itali

336 2831 467 2862 suum
486 2816 664 2873 fegato,
688 2816 882 2871 Hispani
899 2814 1089 2871 higado,

338 2876 462 2921 Galli
504 2875 597 2920 foie
639 2875 813 2919 habent
855 2878 902 2918 et
948 2874 1089 2919 Grae-

338 2935 428 2980 culi
461 2933 594 2975 σικὸτι
627 2934 758 2990 (Diez
792 2947 835 2989 p.
860 2933 959 2977 140.
998 2934 1088 2977 Du-

1179 926 1329 972 fresne
1361 927 1427 971 III
1468 941 1512 982 p.
1547 927 1681 981 279).
1729 926 1790 970 ad
1831 940 1925 970 rem

1180 985 1239 1030 cf.
1273 987 1389 1030 Plin.
1417 987 1458 1037 8,
1478 987 1576 1030 209.
1610 985 1788 1029 Pallad.
1813 986 1928 1037 1,30

1178 1042 1253 1089 fin.
1300 1045 1509 1101 Geopon.
1554 1044 1623 1096 14,
1668 1046 1738 1096 22,
1778 1045 1817 1088 8.
1857 1047 1923 1088 11.

1180 1118 1279 1149 cum
1322 1105 1518 1160 interpp.
1564 1110 1610 1148 et
1643 1105 1802 1147 Horat.
1837 1110 1923 1148 sat.

1179 1165 1220 1214 2,
1263 1165 1304 1215 8,
1340 1165 1409 1207 88.
1462 1188 1515 1194 -
1564 1163 1635 1207 ad
1683 1176 1925 1207 cannam

1179 1223 1327 1267 cultro
1394 1235 1583 1266 canneo.
1649 1234 1795 1266 canna
1846 1235 1928 1266 seu

1178 1282 1400 1325 arundine
1422 1286 1559 1324 acuta
1581 1276 1768 1325 ficatum
1786 1281 1927 1324 aliae-

1178 1354 1265 1396 que
1298 1354 1370 1384 res
1403 1340 1695 1390 secabantur,
1727 1353 1784 1383 ne
1802 1339 1924 1384 ferro

1175 1396 1470 1443 inficerentur
1527 1399 1783 1454 vitiumque
1834 1404 1926 1442 tra-

1175 1458 1350 1503 herent.
1409 1458 1609 1515 cydonia
1658 1470 1805 1502 canna
1851 1458 1925 1502 vel

1177 1518 1317 1562 ebore
1369 1518 1576 1561 dividere
1625 1530 1697 1572 ap.
1747 1517 1924 1561 Pallad.

1175 1577 1217 1628 3,
1238 1578 1307 1628 25,
1326 1578 1396 1620 25.
1429 1577 1631 1620 lacertae
1648 1577 1774 1620 iecur
1790 1580 1928 1630 acuta

1179 1641 1312 1692 parte
1345 1648 1519 1679 cannae
1538 1635 1701 1679 tollere
1719 1648 1792 1690 ap.
1812 1635 1927 1678 Mar-

1181 1695 1281 1739 cell.
1318 1696 1447 1750 Emp.
1494 1696 1549 1736 22
1592 1690 1668 1738 fin.
1712 1693 1926 1738 catellum

1178 1754 1428 1798 lactentem
1478 1754 1535 1797 de
1583 1766 1731 1796 canna
1769 1753 1928 1797 occide

1180 1818 1227 1858 et
1276 1813 1333 1857 de
1382 1813 1483 1868 ipsa
1531 1824 1676 1856 canna
1722 1812 1928 1868 splenem

1181 1872 1279 1916 eius
1311 1872 1441 1923 tolle,
1484 1871 1543 1915 ib.
1579 1872 1635 1915 23
1668 1867 1743 1915 fin.
1779 1871 1928 1915 olivas

1178 1931 1454 1975 intercidere
1486 1935 1625 1974 acuto
1660 1931 1836 1974 calamo
1854 1943 1926 1985 ap.

1179 1990 1361 2034 Pallad.
1413 1991 1492 2039 12,
1541 1990 1612 2040 22,
1659 1991 1700 2032 3.
1752 1989 1928 2033 scillam

1180 2049 1403 2092 arundine
1436 2049 1480 2092 in
1512 2054 1670 2105 partes
1689 2048 1930 2091 concidere

1181 2121 1254 2164 ap.
1289 2108 1509 2163 Pelagon.
1542 2108 1596 2150 12
1629 2120 1670 2162 p.
1697 2107 1766 2151 55.
1801 2107 1929 2150 lima·

1182 2181 1283 2211 cum
1303 2167 1458 2222 capita
1475 2166 1684 2222 praecisa
1708 2166 1931 2209 arundine

1182 2239 1255 2282 ap.
1290 2226 1406 2273 Plin.
1439 2227 1511 2278 30,
1546 2226 1645 2269 101.
1691 2224 1748 2268 cf.
1781 2237 1853 2269 me
1884 2225 1930 2268 in

1184 2284 1352 2330 Olerib.
1390 2286 1410 2327 1
1445 2298 1488 2339 p.
1527 2285 1594 2327 16.
1626 2309 1678 2315 -
1716 2284 1773 2328 de
1800 2295 1930 2339 prae-

1180 2357 1278 2400 pos.
1332 2343 1391 2386 ad
1441 2344 1539 2386 186.
1583 2368 1637 2374 —
1681 2348 1930 2398 antequam

1181 2407 1389 2453 assatur,
1462 2402 1680 2446 inciditur
1742 2401 1930 2445 cultello

1182 2462 1435 2505 arundineo
1484 2466 1535 2504 ut
1584 2462 1768 2516 penitus
1811 2474 1932 2504 com-

1181 2521 1318 2565 bibat
1348 2534 1522 2576 garum.
1589 2520 1792 2564 Graecos
1825 2519 1931 2563 soli-

1183 2585 1258 2624 tos
1277 2593 1378 2623 esse
1399 2578 1516 2622 frixa
1528 2579 1731 2623 iocinera
1745 2582 1930 2622 omento

1182 2639 1393 2682 involuta
1439 2637 1606 2682 inferre
1665 2636 1933 2681 observavit

1180 2697 1455 2741 Athenaeus
1487 2698 1530 2747 3,
1563 2697 1633 2740 68.
1673 2698 1813 2749 ἥπατα
1846 2711 1929 2734 πε.-

1183 2758 1447 2812 ριειλημμὲνα
1478 2758 1534 2809 τῷ
1561 2757 1803 2808 καλουμένῳ
1828 2752 1930 2793 ἐπί-

1182 2817 1289 2870 πλῳ.
1327 2814 1663 2870 —praecid
1689 2818 1797 2857 ante
1831 2826 1932 2857 cae-

1181 2874 1267 2926 dis,
1299 2874 1502 2930 pungis?
1536 2898 1590 2904 —
1619 2876 1930 2917 aucmento

1181 2938 1228 2977 et
1259 2945 1488 2989 augum.
1509 2932 1621 2977 etin
1643 2948 1677 2987 y.
1713 2944 1931 2975 acmen·
