2066 3276
320 196 427 249 144
850 195 948 240 Lib.
983 196 1082 240 VII.
1125 196 1360 242 Politeles.

316 328 623 395 aperiuntur
660 327 715 379 in
768 327 900 380 duas
951 333 1131 395 partes
1183 329 1257 381 ita
1308 333 1365 380 ut
1417 331 1641 396 expansi
1692 329 1796 382 sint
1849 336 1901 384 et

317 401 618 468 aspargitur
668 401 743 453 eis
783 402 939 468 piper
990 402 1182 469 tritum,
1236 402 1410 454 nuclei
1464 407 1515 455 et
1567 403 1901 456 coriandrum

319 475 591 527 concisum
630 474 921 526 minutatim
963 474 1159 527 factum
1210 481 1261 528 et
1312 492 1496 528 semen
1545 475 1763 528 feniculi
1814 478 1900 528 tri-

315 552 438 599 tum.
484 546 678 599 deinde
717 548 937 600 lumbuli
977 548 1319 610 recluduntur
1357 549 1505 616 passi
1546 555 1597 602 et
1638 566 1898 602 consuun-

315 625 397 672 tur
437 625 489 672 et
525 620 861 672 involvuntur
913 627 1123 674 omento
1177 627 1229 675 et
1281 623 1356 674 sic
1408 623 1793 689 praedurantur
1845 623 1901 674 in

318 694 436 746 oleo
489 698 540 746 et
589 694 892 761 liquamine,
958 694 1084 748 inde
1137 701 1381 748 assantur
1432 696 1484 747 in
1546 697 1753 749 clibano
1813 696 1900 749 vel

318 766 588 820 craticula.

429 841 552 894 293.
612 842 926 909 Ρθῑῑιειῑη,Δ
965 842 1055 895 ubi
1095 859 1211 895 eam
1254 859 1371 896 cum
1421 842 1610 896 caricis
1662 842 1902 913 plurimis

319 913 601 968 elixaveris
642 921 695 968 ct
733 916 898 968 tribus
937 916 1070 968 lauri
1120 915 1277 982 foliis,
1334 916 1576 969 detracta
1628 922 1746 970 cute
1797 922 1900 969 tes-

317 988 503 1042 sellam
553 988 757 1042 incides
798 995 850 1042 et
901 990 1059 1043 melle
1100 990 1392 1058 conplebiS,
1447 989 1640 1043 deinde
1680 990 1902 1044 farinam

319 1063 438 1116 oleo
491 1064 767 1116 subactam
821 1068 1075 1117 contexes
1129 1068 1181 1117 et
1233 1063 1282 1116 ei
1334 1063 1532 1117 corium
1585 1063 1796 1118 reddes,
1854 1069 1905 1117 et

320 1153 438 1190 cum
476 1135 652 1190 farina
705 1142 860 1191 cocta
912 1137 1084 1205 fuerit,
1141 1137 1342 1191 eximas
1394 1138 1566 1204 furn0,
1620 1143 1677 1190 ut
1729 1143 1809 1191 est
1855 1142 1906 1191 et

317 1210 532 1264 inferes,
1340 1225 1345 1229 ·

429 1285 553 1337 294.
612 1285 883 1338 Pernae
924 1284 1309 1355 coctussram:
1354 1301 1420 1337 ex
1460 1301 1602 1351 aqua
1643 1301 1761 1338 cum
1817 1302 1903 1339 ca-

315 1358 439 1412 ricis
479 1363 632 1412 cocta
670 1358 996 1427 simpliciter,
1037 1363 1093 1410 ut
1130 1359 1282 1424 solet,
1323 1358 1473 1411 illata
1514 1375 1631 1411 cum
1659 1359 1899 1427 bucelliS,

317 1449 546 1486 caroeno
585 1433 671 1485 vel
711 1432 942 1500 condito,
983 1433 1171 1486 melius
1211 1449 1341 1486 sucu
1383 1450 1450 1486 ex
1490 1433 1723 1486 musteis.

1157 1591 1213 1624 ea
1259 1574 1388 1630 fiunt,
1446 1591 1561 1623 cava
1606 1579 1746 1624 modo
1795 1593 1906 1636 qua-

1158 1638 1293 1681 drato
1342 1639 1626 1682 exciduntur.
1674 1665 1726 1671 —
1770 1652 1904 1683 con-

316 1593 399 1625 seu
429 1579 624 1629 lumbi.
668 1584 720 1623 ut
761 1579 805 1623 in
839 1579 986 1624 tribus
1019 1583 1067 1624 et

315 1640 489 1684 Decim.
522 1639 685 1683 Laber.
720 1639 816 1682 145.
850 1651 923 1694 ap.
948 1639 1065 1682 Plin.

315 1700 358 1751 8,
376 1699 476 1742 210.
509 1698 691 1742 lumbus
723 1710 936 1753 aprunus,
969 1698 1067 1754 gal-

315 1758 520 1802 linaceus
552 1770 626 1813 ap.
659 1757 743 1801 Iul.
778 1757 978 1812 Capitol.
1021 1757 1068 1800 in

315 1817 487 1861 Pertin.
509 1818 576 1859 12.
602 1816 709 1860 inde
726 1816 879 1866 lumel,
906 1816 1066 1860 lumel-

318 1877 502 1927 maten,
546 1875 654 1931 gall.
707 1876 907 1927 nomble‚
965 1876 1062 1919 ital.

316 1935 549 1980 nombolo.
571 1932 627 1977 cf.
652 1934 765 1978 Pott
781 1933 1064 1990 Forschung.

316 1994 362 2038 11
405 2008 449 2049 p·
498 1994 597 2038 100.
655 1993 876 2049 rippchen
924 1996 1066 2038 vertit

315 2053 560 2109 Boettiger
591 2052 744 2096 Verm.
778 2052 895 2096 sehr.
930 2053 997 2096 111
1019 2066 1064 2108 p.

317 2113 418 2156 222.
483 2137 533 2141 -
593 2112 791 2155 minut.
840 2111 1068 2155 factum

317 2172 469 2274 {1¹35ss
502 2183 559 2214 ex
584 2172 714 2273 θΙὲΞΙ
726 2175 799 2273 1]Θὲ
812 2171 1069 2273 υὲὲῖῗξῐὲἓ

318 2288 504 2334 eclad.
524 2303 568 2331 π.
589 2289 862 2333 lumbolis
887 2289 1067 2333 eclud.

317 2350 361 2401 β.
395 2347 581 2393 evolv.
623 2345 698 2402 γὸζ
729 2347 799 2392 ed.
843 2361 912 2403 pr.
944 2348 1070 2393 vole-

316 2407 435 2453 bant
467 2406 588 2451 forte
622 2407 890 2451 convolv.
934 2407 1068 2451 Hum.

319 2466 392 2511 ed.
423 2466 646 2510 revolv.
685 2491 733 2496 —
769 2466 989 2521 passii.
1026 2479 1069 2522 q.

319 2525 511 2581 expansi
558 2537 674 2569 corr.
721 2538 806 2579 pro
853 2525 970 2569 assi
1014 2551 1068 2556 —

320 2588 745 2629 consumuntur
775 2583 821 2626 in
853 2597 946 2628 sex.

408 2643 470 2687 ad
518 2643 618 2686 293.
673 2643 951 2687 tesellam
1001 2647 1070 2697 βγ.

320 2702 606 2749 tesselam
639 2718 685 2747 π.
713 2702 1070 2746 tessellatim

318 2764 375 2807 H.
407 2775 551 2818 perna
584 2766 687 2806 tota
727 2766 883 2806 manet
920 2775 1071 2817 neque

320 2824 565 2876 sectiones,
607 2820 788 2876 τεμάχη,
831 2820 969 2872 κύβοι,
1017 2834 1073 2864 ex

1157 1702 1323 1741 texes
1386 1693 1636 1753 continges,
1696 1696 1904 1754 definges

1158 1769 1271 1801 corr.
1307 1769 1364 1800 ex
1381 1758 1479 1800 232.
1503 1770 1587 1812 pro
1621 1761 1902 1801 conteres.

1160 1840 1213 1845 ——
1247 1828 1475 1859 coreum
1510 1815 1646 1859 codd.
1689 1816 1772 1859 sed
1803 1817 1904 1859 331.

1157 1875 1389 1918 corium.
1425 1899 1477 1904 —-
1511 1880 1569 1918 ut
1602 1888 1722 1918 cum
1769 1875 1904 1918 codd.

1157 1957 1210 1962 -
1259 1931 1453 1976 farina
1503 1934 1676 1978 corium
1723 1933 1839 1977 illud
1882 1947 1906 1977 e

1155 1990 1304 2034 farina
1336 1990 1524 2043 factum,
1560 1992 1907 2048 teigueberzug.

1158 2075 1211 2082 -
1257 2055 1315 2094 ut
1358 2057 1451 2095 est
1489 2051 1595 2095 add.
1641 2065 1698 2095 ex
1737 2055 1816 2102 βπ.
1848 2057 1909 2094 ut

1158 2114 1216 2153 et
1249 2113 1317 2152 θ’κ.
1350 2134 1407 2140 --

1248 2168 1908 2213 ad‘294.utsoletutmoris

1160 2232 1244 2279 est,
1277 2240 1335 2270 an
1368 2233 1419 2271 ut
1450 2239 1589 2282 supra
1611 2227 1832 2271 doctum?
1854 2252 1906 2257 -

1159 2287 1356 2330 inlata
1423 2287 1558 2331 codd.
1623 2287 1676 2329 in
1739 2287 1909 2330 lance

1161 2346 1292 2388 Hum.
1330 2346 1407 2401 qui
1448 2346 1599 2389 locum
1641 2345 1787 2389 multo
1828 2345 1910 2388 ali-

1161 2408 1232 2449 ter
1302 2406 1560 2449 construxit
1621 2404 1911 2460 corruptissi-

1160 2477 1297 2507 mum.
1346 2464 1484 2508 codd.
1518 2463 1657 2508 vatic.
1708 2468 1756 2509 et
1786 2462 1907 2507 florr.

1161 2536 1262 2567 cum
1311 2523 1381 2567 ed.
1425 2536 1496 2578 pr.
1546 2523 1744 2566 inlata
1792 2535 1910 2566 cum

1159 2582 1457 2626 buccellis
1518 2582 1762 2626 caroeni
1815 2580 1910 2626 vel

1164 2642 1412 2686 condito
1478 2642 1694 2685 melius
1751 2641 1912 2685 sicut

1162 2701 1408 2746 musteis
1455 2706 1803 2757 petasonem
1846 2712 1912 2743 ex

1163 2763 1239 2816 (et
1292 2757 1344 2816 γὸ
1391 2760 1461 2805 ed.
1524 2763 1611 2816 pr.)
1668 2759 1911 2803 musteis

1164 2825 1517 2875 petasonem
1565 2819 1769 2863 elixas.
1812 2831 1910 2874 par.
