2066 3276
284 244 355 296 50
811 241 911 288 Lib.
950 241 1006 287 ΙΙ.
1069 243 1336 300 Sarcoptes.

283 375 529 440 satureia,
589 379 722 441 ruta,
782 376 1162 443 petrosilinum,
1223 377 1639 443 condimentum,
1701 378 1869 431 bacae

280 450 431 515 lauri,
471 449 735 514 liquamen
779 454 830 501 et
868 449 1189 504 admiscetur
1227 452 1394 518 pulpa
1420 453 1556 503 bene
1583 457 1754 516 tunsa,
1795 451 1871 503 ita

280 527 336 574 ut
377 522 552 574 denuo
594 523 731 574 bene
772 539 887 574 cum
920 523 1039 590 ipso
1069 525 1287 576 subtrito
1316 523 1531 576 fricetur
1560 541 1677 576 curn
1701 524 1868 589 liqua-

279 596 436 648 mine.
466 594 703 647 admixto
731 595 918 663 pipere
967 598 1174 663 integro
1226 602 1278 650 et
1317 597 1609 650 abundanti
1648 597 1869 663 pingue-

280 670 403 721 dine
444 673 495 721 et
534 669 736 721 nucleis
775 669 961 723 inicies
985 671 1038 722 in
1061 671 1374 723 intestinum
1402 687 1659 738 perquam
1686 675 1868 722 tenua-

277 747 385 795 tum
428 741 780 813 [perductum]
825 748 876 795 et
914 745 990 797 sic
1030 744 1102 797 ad
1140 744 1339 796 fumum
1380 744 1736 812 suspenditur.

390 817 476 868 57.
530 816 958 869 Farcimina:
1015 835 1116 870 ova
1170 823 1222 871 et
1262 819 1528 871 cerebella
1567 823 1723 883 tereS,
1775 833 1867 869 nu-

279 891 423 943 cleos
463 890 668 957 pineos,
711 890 880 958 piper,
921 891 1204 958 liquamen,
1247 892 1390 944 lasar
1415 891 1680 944 modicum
1711 894 1762 943 et
1786 890 1868 942 his

275 963 579 1017 intestinum
618 963 879 1031 implebis,
924 965 1107 1031 elixas,
1147 970 1338 1033 postea
1377 981 1528 1018 assas
1570 970 1622 1018 et
1652 964 1865 1018 inferes,

388 1037 474 1091 58.
514 1036 709 1089 Aliter:
760 1042 966 1091 coctam
1006 1039 1197 1092 alicam
1241 1044 1293 1092 et
1330 1039 1505 1091 tritam
1547 1055 1665 1091 cum
1702 1038 1869 1106 pulpa

278 1112 494 1164 concisa
547 1115 598 1163 et
649 1110 769 1163 trita
823 1127 932 1164 una
984 1129 1100 1166 cum
1154 1112 1340 1181 pipere
1395 1117 1447 1166 et
1484 1111 1775 1178 liquamine
1817 1115 1869 1164 et

275 1186 493 1238 nucleis.
542 1183 739 1237 farcies
786 1184 1091 1238 intestinum
1145 1191 1197 1240 et
1250 1186 1489 1252 elixabis,
1545 1184 1740 1238 deinde
1781 1201 1866 1238 co-

274 1259 433 1325 min0,
487 1259 602 1311 sale
655 1257 861 1312 assabis
916 1264 968 1313 et
1019 1276 1137 1313 cum
1188 1259 1359 1328 sinapi
1397 1260 1613 1326 infereS,
1665 1259 1752 1312 vol
1791 1258 1867 1311 sic

276 1333 547 1387 concisum
584 1332 638 1383 in
680 1331 846 1385 disc0.

386 1407 472 1460 59.
515 1405 709 1458 Aliter:
752 1405 943 1459 alicam
982 1422 1183 1475 purgas
1225 1410 1277 1459 et
1318 1422 1435 1459 cum
1474 1404 1762 1472 liquamine
1789 1404 1865 1457 in·

273 1481 451 1535 testini
503 1484 556 1533 et
606 1479 872 1533 albamine
924 1480 1068 1548 porri
1122 1479 1321 1533 concisi
1368 1479 1663 1532 minutatim
1713 1478 1867 1532 simul

273 1627 520 1672 ccdonicus
558 1626 610 1670 L.
647 1624 1024 1670 macedonischer

271 1686 547 1741 steineppig.
625 1685 701 1728 Sic
758 1698 895 1728 eruca
941 1684 1022 1727 ho-

272 1746 443 1790 diernis
478 1744 667 1789 Graecis
699 1743 923 1799 α’ρώματος
955 1743 1021 1786 di-

272 1806 389 1849 citur
420 1804 577 1859 sicque
608 1803 862 1858 pimentum
882 1801 1021 1846 hodie

270 1876 490 1908 vocamus
532 1875 676 1918 genus
710 1861 880 1906 herbae
915 1875 1020 1905 con-

270 1922 587 1972 dimentariae‚
632 1921 740 1964 licet
775 1934 908 1964 omne
940 1933 1020 1975 ge-

269 1995 354 2025 nus
401 1980 644 2024 herbarum
701 1985 748 2023 et
795 1979 1016 2022 seminum

270 2039 736 2084 condimentariorum
789 2038 1015 2093 designet.

268 2099 439 2143 Lexica
472 2102 718 2141 tacent.-
750 2102 1018 2152 petrose-

268 2158 448 2201 linum
491 2156 710 2211 marginis
751 2155 936 2199 videtur
968 2160 1019 2199 ut

269 2216 370 2260 224.
419 2215 519 2259 345.
568 2216 668 2258 351.
705 2239 756 2243 ——
801 2214 1018 2258 inicies

269 2289 326 2320 ex
374 2278 415 2326 β.
466 2287 550 2329 pro
599 2274 759 2324 icies,
798 2273 1017 2324 micies‚

267 2333 523 2384 miscies,
555 2332 771 2377 nuceis
818 2331 1018 2387 reliquo-

268 2408 382 2444 rum,
414 2390 642 2436 farcies
675 2392 754 2434 int.
779 2391 852 2435 ed.
871 2404 938 2446 pr.
960 2391 1016 2434 H.

268 2477 321 2482 —-
356 2457 655 2495 tenuatum
699 2463 756 2493 ex
798 2449 895 2493 flor.
930 2462 1014 2504 pro

266 2514 286 2554 t
299 2524 324 2555 e
336 2525 365 2553 n
379 2522 444 2553 ua
456 2514 476 2552 t
487 2509 568 2552 im.
602 2508 919 2553 tenuissimum
950 2508 1015 2551 in-

267 2569 485 2613 testinum
532 2567 702 2611 fartum
760 2580 832 2622 ap.
880 2566 1012 2610 Varr.

268 2629 316 2671 L.
353 2629 399 2671 L.
436 2628 477 2678 5,
511 2628 582 2670 ‘222
616 2640 661 2681 p.
698 2627 794 2669 115.
843 2625 920 2681 Sp.
947 2630 1013 2669 te-

265 2687 398 2731 nuius
443 2686 633 2742 (ieiuno)
676 2685 756 2728 int.
799 2684 845 2727 in
887 2685 1013 2728 sinus

265 2745 563 2790 vehementer
588 2744 859 2800 inplicitum,
895 2742 1011 2787 Cels-

264 2804 308 2857 4,
330 2807 366 2849 1.
399 2803 752 2861 perductum
784 2802 1012 2857 nisiglos-

265 2876 318 2908 sa
350 2868 422 2908 est
452 2859 684 2920 significat
714 2862 906 2914 isicium,
940 2860 1012 2905 cui

1113 1626 1158 1669 in
1192 1625 1440 1670 Glossariis
1472 1639 1638 1670 nornen
1668 1625 1866 1669 inducti-

1112 1684 1184 1735 lis‚
1248 1684 1369 1728 unde
1420 1684 1574 1739 gallic.
1626 1684 1864 1728 andouille

1112 1748 1285 1793 natum,
1319 1743 1444 1799 quod
1462 1744 1609 1788 nostri
1626 1747 1865 1787 verterunt

1112 1801 1396 1858 schuebling.
1433 1800 1487 1844 cf.
1524 1803 1649 1846 Diez.
1686 1803 1794 1845 Lex.
1820 1801 1862 1844 d.

1112 1874 1285 1905 roman.
1320 1859 1502 1916 sprach.
1536 1875 1580 1916 p.
1615 1860 1715 1904 553.
1737 1885 1788 1890 ——
1809 1860 1865 1903 in

1112 1918 1328 1963 fumum
1360 1936 1406 1964 π.
1440 1918 1514 1964 ad
1544 1918 1769 1963 fureum
1797 1916 1862 1973 γὸ.

1109 1977 1167 2022 fu
1184 1992 1340 2022 rcum
1385 1979 1414 2026 ζ.
1478 1976 1742 2022 furenum
1792 1980 1862 2020 θκ.

1109 2036 1166 2081 cf.
1201 2038 1299 2081 289.
1333 2037 1437 2081 401.

1110 2155 1137 2198 5
1198 2096 1259 2139 ad
1290 2096 1359 2140 57.
1409 2096 1644 2140 nucleis

1200 2213 1261 2257 ad
1293 2213 1364 2257 58.
1416 2214 1651 2257 comino
1699 2212 1863 2267 scripsi

1109 2285 1194 2328 pro
1229 2286 1364 2323 cum,
1396 2272 1458 2315 ad.
1476 2273 1549 2316 53.
1573 2271 1669 2316 sale
1688 2276 1736 2315 et
1756 2271 1860 2315 oleo

1109 2336 1295 2375 assatur
1329 2332 1425 2373 111.
1464 2330 1590 2374 istud
1611 2330 1736 2374 sale
1768 2328 1861 2373 for-

1109 2395 1234 2434 tasse
1267 2393 1534 2444 corruptum
1556 2403 1641 2444 pro
1663 2402 1683 2432 s
1697 2401 1723 2431 a
1737 2392 1756 2431 t
1778 2401 1860 2431 seu

1108 2450 1256 2493 satis
1297 2453 1389 2492 est
1428 2461 1485 2491 ex
1516 2448 1615 2492 374.
1651 2460 1710 2490 an
1744 2460 1859 2491 cum

1107 2508 1225 2552 sale
1260 2511 1331 2551 est
1364 2520 1496 2559 „cum
1514 2507 1738 2558 acumine,
1758 2519 1859 2549 cum

1692 2094 1857 2139 misces

1106 2567 1284 2611 ratione
1297 2571 1345 2610 ?“
1401 2566 1482 2609 sic
1544 2564 1713 2608 elixum
1759 2569 1859 2608 tan-

1109 2630 1207 2669 tum
1241 2626 1312 2668 59.

1193 2684 1254 2727 ad
1301 2683 1371 2727 59.
1442 2682 1734 2738 liquamen
1781 2680 1858 2724 in-

1104 2743 1307 2787 testini
1339 2739 1675 2798 gekroesefett,
1707 2743 1758 2783 ut
1776 2739 1857 2783 ad-

1102 2802 1190 2858 ipis
1223 2801 1454 2857 liquamen
1496 2812 1575 2855 ap.
1605 2798 1780 2842 Colum.
1815 2798 1857 2850 6,

1102 2861 1145 2914 2,
1191 2861 1228 2914 7,
1273 2864 1384 2916 post
1426 2857 1692 2911 ‚‚intestini“
1736 2855 1857 2902 forte
