2066 3276
337 246 441 303 154
860 251 960 297 Lib.
994 251 1093 297 VII.
1144 252 1381 300 Politeles.

446 386 568 439 313.
608 385 834 452 Fungi
862 385 1123 440 farnei:
1152 387 1293 453 elixi,
1326 388 1483 442 calidi
1512 390 1738 444 exiccati
1761 408 1919 445 oeno-

331 474 486 526 garO,
520 459 710 527 pipere
739 459 1087 527 accipiuntur,
1128 461 1201 513 ita
1229 467 1285 513 ut
1310 462 1464 531 piper
1492 480 1607 516 cum
1635 464 1921 531 liquamine

329 536 487 585 teras

442 608 566 661 314.
611 609 672 661 In
719 607 898 676 fungis
932 604 1160 661 farneis:
1216 609 1387 681 piper,
1444 621 1745 679 caroenum,
1800 630 1919 668 ace-

331 684 441 733 tum
484 686 536 734 et
576 683 765 736 oleum.

442 755 565 809 315.
646 758 815 809 Aliter
866 755 1014 823 fungi
1065 756 1235 810 farnei
1289 756 1414 809 elixi
1467 774 1533 810 ex
1585 758 1715 826 sale,
1778 759 1914 828 elec,

329 844 492 894 mem,
536 831 816 884 coriandro
859 830 1073 884 conciso
1113 830 1420 884 inferuntur.

441 904 565 958 316.
590 906 825 959 Boleto
842 922 894 957 s:
925 904 1159 960 fundis,
1183 922 1484 971 caroenum,
1501 905 1812 958 fasciculum
1831 923 1921 959 co-

328 975 528 1030 riandri
546 979 745 1034 viridis
765 979 853 1032 ubi
868 978 1136 1046 fervuerit,
1162 985 1408 1048 exempto
1425 980 1680 1032 fasciculo
1703 980 1917 1034 inferes,

442 1054 566 1106 317.
598 1081 601 1083 v
629 1055 845 1107 Boletos
886 1053 1066 1105 aliter:
1112 1053 1364 1107 coliculos
1413 1070 1591 1108 eorum
1633 1053 1921 1122 liquamine

329 1126 415 1178 vel
454 1128 567 1181 sale
607 1143 861 1196 asparsos
900 1126 1145 1181 inferunt.

442 1201 566 1255 318.
628 1203 843 1256 Boletos
884 1201 1066 1254 aliter:
1108 1201 1263 1254 tirsos
1300 1217 1482 1253 eorum
1510 1200 1708 1253 incisos
1748 1202 1800 1253 iu
1828 1218 1921 1269 pa-

331 1274 528 1327 tellam.
571 1293 728 1329 uvam
756 1274 1034 1345 perfundis
1083 1275 1267 1327 addito
1297 1275 1501 1342 pipere,
1533 1274 1780 1341 ligisticO,
1811 1293 1920 1328 mo-

333 1346 453 1403 dico
494 1351 669 1417 melle,
710 1349 996 1418 liquamine
1036 1349 1377 1417 temperabis.
1423 1349 1596 1401 oleum
1635 1349 1918 1402 modicum.

419 1466 481 1510 ad
512 1469 613 1512 313.
661 1482 745 1524 pro
780 1468 972 1513 farnei
1006 1481 1080 1511 00-
1262 1466 1321 1509 ad
1339 1466 1439 1510 317.
1475 1466 1765 1510 caliculos
1785 1466 1920 1511 codd.

1174 1526 1273 1570 col.
1309 1526 1379 1569 ed.
1413 1539 1480 1580 pr.
1514 1526 1569 1569 H.
1603 1525 1813 1569 similiter
1843 1539 1922 1569 va-

329 1524 483 1569 dicum
540 1528 674 1572 Hum.
734 1529 804 1572 ed.
856 1527 1082 1584 faginei

332 1586 459 1639 quod
508 1588 584 1642 qui
632 1601 687 1632 ex
744 1587 911 1632 arbore
969 1585 1081 1642 fago

330 1650 582 1690 nascantur
638 1648 785 1690 minus
835 1647 1082 1702 perniciosi

330 1702 435 1747 sint.
487 1704 633 1750 farnei
681 1711 788 1750 sunt
834 1706 912 1762 qui
962 1707 1082 1750 circa

325 1764 510 1809 radices
529 1764 647 1808 sarni
663 1766 930 1821 gignuntur,
964 1778 1082 1821 quae

327 1823 480 1873 arbor,
528 1826 656 1868 cuius
688 1825 862 1869 mentio
896 1836 968 1879 ap.
1003 1824 1082 1867 Vi-

331 1884 449 1925 truv.
488 1883 527 1934 7,
564 1886 603 1934 1,
637 1885 680 1927 2.
714 1884 898 1930 Pallad.
925 1885 1022 1933 1,9,
1040 1884 1080 1926 3.

326 1939 432 1985 31118
476 1946 548 1986 est
580 1942 799 1994 fraxinus,
846 1947 1082 1986 contracte

329 1998 503 2053 franus,
522 2001 694 2054 sarnus,
718 2003 839 2046 unde
857 2002 1081 2046 Italorum

331 2059 480 2103 farnia
498 2059 676 2117 fai-gna,
697 2062 934 2106 Gallorum
950 2060 1080 2104 frais-

327 2133 385 2164 ne
417 2118 569 2164 fresne
614 2120 755 2171 11600,
801 2121 903 2164 31118
947 2133 1079 2175 quer-

328 2192 407 2222 cus
439 2180 633 2234 species,
665 2194 750 2235 pro
785 2192 876 2235 qua
897 2184 1079 2222 senten-

323 2238 391 2280 tia
433 2238 614 2282 laudari
655 2243 816 2294 potest
853 2238 969 2280 Plin.
1009 2239 1077 2288 16,

323 2298 396 2339 31.
435 2298 513 2352 qui
545 2311 739 2353 quercus
771 2297 939 2353 fungos
972 2310 1077 2351 pro-

325 2355 593 2400 batissimos
642 2357 768 2401 dicit.
821 2382 872 2386 —-
919 2356 1076 2400 exic-

322 2416 440 2458 cati
490 2419 520 2465 β
575 2416 645 2459 ed.
695 2430 761 2471 pr.
813 2414 1077 2459 exiccari

324 2472 425 2528 γδπ.
445 2478 503 2518 et
535 2474 757 2518 siccari
790 2474 880 2522 ζθκ.
902 2474 1077 2518 conieci

321 2536 380 2576 et
426 2533 636 2577 siciati
683 2534 796 2577 sicio
844 2533 870 2576 i.
907 2546 945 2576 e.
995 2533 1076 2576 im-

304 2604 464 2646 ·pensa
498 2592 688 2635 conditi.
712 2617 765 2622 —
789 2592 1003 2647 ing-aro
1029 2596 1076 2635 et

319 2651 570 2706 inagaro
619 2651 757 2694 codd.
809 2675 862 2681 —
910 2654 1075 2694 teres

321 2709 578 2765 codd2sed
611 2710 681 2754 96.
715 2709 793 2753 ubi
837 2709 958 2753 idem
1000 2723 1075 2753 eo—

320 2768 400 2812 lon
431 2766 638 2813 te‘reas
671 2773 719 2813 et
751 2773 926 2811 teras.

411 2828 472 2870 ad
490 2828 589 2871 316.
625 2827 723 2871 fun
740 2827 827 2870 dis
852 2840 965 2870 corr.
987 2840 1071 2881 pro

317 2885 542 2943 fungos
575 2893 626 2930 ut
658 2887 759 2930 309.

1173 1586 1293 1628 riant
1324 1585 1443 1628 Plin.
1480 1586 1547 1636 16,
1581 1584 1680 1627 244.
1719 1598 1811 1628 vox
1844 1585 1920 1628 de-

1173 1644 1367 1688 rivanda
1398 1657 1489 1688 non
1522 1656 1549 1686 a
1582 1644 1755 1701 calyce,
1789 1644 1871 1687 sed
1893 1656 1922 1687 a

1174 1704 1320 1754 caule,
1355 1703 1471 1754 cole,
1504 1703 1624 1747 unde
1658 1702 1921 1756 καυλομὺκη-

1172 1778 1239 1809 τες
1271 1775 1344 1818 ap.
1379 1763 1565 1805 Lucian.
1610 1775 1702 1806 ver.
1737 1762 1843 1805 hist.
1888 1764 1920 1813 1,

1176 1823 1243 1865 16.
1281 1848 1330 1852 --
1366 1835 1450 1877 pro
1483 1822 1580 1864 sale
1614 1826 1660 1865 et
1692 1821 1792 1864 324.
1817 1821 1919 1865 441.

1173 1881 1403 1937 liquamen
1427 1880 1687 1931 adhibetur,
1718 1880 1921 1925 Galenus

1174 1940 1231 1983 de
1265 1940 1350 1983 fac.
1386 1940 1508 1983 alim.
1543 1940 1584 1990 2,
1615 1939 1685 1981 44.
1719 1940 1765 1982 in
1792 1939 1920 1982 bras-

1172 2000 1267 2042 sica
1299 2013 1400 2043 cum
1433 2011 1548 2054 garo
1576 1999 1785 2053 paranda
1808 1998 1922 2042 dicit

1170 2058 1282 2101 nihil
1315 2056 1499 2108 referre,
1532 2058 1571 2101 si
1603 2058 1673 2100 sal
1693 2057 1797 2101 1000
1820 2057 1921 2112 gari

1171 2123 1390 2160 sumatur.
1411 2140 1463 2146 —m
1496 2117 1552 2159 in
1566 2115 1617 2160 fe
1630 2130 1651 2158 1·
1664 2130 1728 2159 un
1743 2122 1762 2159 t
1775 2130 1837 2159 ur
1854 2114 1917 2170 γδ.

1259 2176 1320 2218 ad
1352 2176 1453 2219 318.
1503 2180 1708 2232 tyrsos
1759 2176 1825 2222 ζπ.
1873 2175 1918 2218 in

1169 2235 1341 2289 plantis
1374 2235 1421 2278 id
1455 2235 1580 2289 quod
1623 2234 1667 2276 in
1712 2234 1919 2289 virgulae

1168 2294 1353 2337 modum
1386 2294 1461 2337 vel
1493 2294 1574 2337 teli
1596 2294 1918 2337 rectitudinem

1170 2354 1407 2408 consurgit
1449 2353 1597 2409 thyrsi
1632 2366 1798 2396 nomen
1830 2352 1918 2395 sibi

1167 2412 1387 2463 vindicat,
1420 2415 1471 2455 ut
1488 2413 1532 2454 in
1552 2423 1781 2467 asparago
1799 2411 1917 2455 Plin.

1169 2472 1239 2522 19,
1277 2471 1371 2513 146.
1407 2471 1590 2514 lactuca
1610 2471 1708 2513 123.
1746 2470 1918 2514 11111110-

1167 2535 1264 2573 stro
1289 2530 1457 2574 dorsch
1478 2535 1525 2573 et
1546 2528 1710 2572 strunk
1730 2542 1917 2584 respon-

1167 2589 1261 2638 det,
1295 2589 1340 2632 in
1371 2589 1531 2633 boleto
1565 2588 1648 2631 hut
1668 2588 1782 2631 Diez
1806 2589 1914 2631 Lex.

1167 2648 1211 2691 d.
1245 2662 1358 2692 rom.
1392 2661 1483 2703 spr.
1517 2661 1560 2703 p.
1595 2647 1696 2690 349.
1728 2646 1830 2690 350.
1865 2672 1913 2676 -

1165 2719 1329 2750 uvam
1363 2720 1419 2750 ex
1437 2719 1532 2762 par.
1563 2719 1729 2750 ovam
1753 2710 1784 2756 ῥ’
1806 2718 1916 2749 ova

1164 2766 1307 2821 vulgo
1340 2770 1391 2809 ut
1433 2766 1532 2809 384.
1578 2769 1650 2809 est
1689 2777 1780 2808 uva
1821 2776 1916 2806 ma-

1164 2825 1264 2867 rina
1311 2825 1387 2869 vel
1435 2824 1598 2881 thynni
1643 2823 1719 2867 vel
1766 2822 1915 2867 echini

1164 2884 1340 2935 marini,
1384 2884 1512 2927 euius
1564 2882 1717 2939 gratia
1767 2882 1915 2926 cauda
