2066 3276
766 244 867 297 Lib.
898 251 956 297 Π.
1018 251 1279 307 Sarcoptes.
1673 299 1681 308 ,
1740 251 1812 303 49

220 390 407 438 tunsae
449 390 500 439 et
537 385 780 451 fricatae,
823 385 998 438 denuo
1046 386 1164 452 ipso
1215 383 1436 437 subtrito
1477 383 1552 435 ita
1590 387 1647 434 ut
1686 399 1810 436 con-

220 459 429 512 misceri
481 462 664 527 possit,
717 459 893 511 mittas
944 459 1146 527 piperis
1210 475 1379 524 grana
1431 462 1482 509 et
1532 457 1708 509 nuclei
1761 462 1813 509 et

222 534 454 586 calcabis
493 533 547 584 in
586 534 806 586 matrice
845 534 982 586 bene
1022 533 1146 584 lota.
1203 537 1255 583 et
1293 531 1369 583 sic
1410 535 1704 596 coquuntur
1744 547 1811 583 ex

220 623 395 673 aequa
434 607 571 673 ole0,
613 607 917 673 liquamine,
951 605 1207 658 fasciculo
1241 620 1516 672 porrorum
1552 608 1604 657 et
1633 609 1807 657 aneto,

331 681 416 732 55.
460 681 807 732 Botellum
849 680 924 732 sic
962 679 1159 731 facies:
1204 695 1300 731 sex
1341 678 1427 730 ovi
1459 678 1654 731 vitellis
1689 694 1808 731 coc-

219 754 301 819 tis,
342 753 542 806 nucleis
566 754 737 821 pineis
767 753 994 806 concisis
1030 769 1236 820 cepam,
1277 768 1492 819 porrum
1520 751 1809 825 concisum,

218 832 317 892 tus,
361 827 579 880 crudum
619 826 830 892 misceS,
883 827 1039 894 piper
1076 827 1348 877 minutum.
1404 830 1456 877 et
1495 825 1570 878 sic
1611 825 1810 878 intesti-

218 917 340 952 num
375 900 583 954 farcies
625 900 826 953 adicies
852 901 1120 968 liquamen
1144 904 1195 952 et
1213 899 1394 952 vinum
1416 903 1468 952 et
1489 899 1565 951 sic
1594 916 1808 966 coques,

329 975 417 1035 56,
450 975 874 1028 -Lucanicas
927 973 1179 1039 similiter,
1234 978 1290 1025 ut
1342 989 1505 1040 supra
1557 973 1810 1041 scriptum

191 1053 300 1102 ·est
353 1047 732 1120 [lucanicarum
761 1046 1061 1119 confectio].
1104 1047 1288 1101 teritur
1326 1047 1498 1115 piper,
1542 1046 1808 1115 ciminum,

1054 1192 1132 1225 ros
1149 1179 1373 1223 marinum
1391 1179 1519 1224 cuius
1548 1177 1673 1223 foliis
1691 1179 1810 1223 odor

1055 1240 1170 1284 turis
1203 1239 1273 1291 24,
1317 1240 1390 1283 99.
1436 1239 1656 1294 cuiusque
1700 1251 1809 1282 usus

217 1194 289 1226 nu
303 1180 450 1226 cleis
493 1180 590 1225 scil.
638 1180 818 1226 adorna
864 1179 963 1224 134.

218 1264 267 1270 ——
301 1240 545 1284 matrice
572 1239 722 1284 Lister
744 1254 860 1294 corr.
878 1252 963 1294 pro

217 1300 477 1344 materia.
517 1297 639 1342 forte
692 1304 966 1344 materna

216 1359 312 1402 scil.
345 1358 486 1409 vulva
518 1370 574 1401 ex
591 1358 785 1402 Martial.
808 1360 876 1407 13,
894 1358 963 1401 56.

216 1418 507 1461 mortario
558 1416 603 1461 b.
647 1417 775 1462 loto
830 1418 964 1460 Hum.

217 1501 272 1507 ——
305 1482 362 1521 et
393 1488 545 1532 aqua
577 1476 711 1521 oleo
752 1476 885 1521 codd.
921 1482 968 1521 et

215 1548 337 1591 aqua
380 1540 427 1579 et
478 1535 584 1579 oleo
629 1536 650 1583 ζ
688 1536 757 1579 ed.
802 1550 869 1591 pr.
913 1542 965 1579 ut

217 1595 287 1638 87.
323 1595 421 1638 118.
456 1593 555 1637 254.
598 1594 681 1638 sed
719 1594 795 1638 hic
828 1592 961 1650 ὑδρε-

215 1654 315 1708 λαίῳ
344 1653 494 1697 locum
527 1665 619 1696 non
652 1653 768 1697 dem.
814 1667 963 1698 meum

215 1725 283 1755 ex
314 1724 501 1768 aequa
532 1712 607 1755 vel
650 1725 852 1768 aequo,
895 1723 963 1757 re-

214 1772 427 1815 stitutum
474 1770 585 1814 item
633 1771 700 1814 68.
745 1772 847 1815 309.
891 1773 961 1816 63.

216 1831 315 1874 194.
349 1831 449 1873 269.
483 1834 555 1872 est
585 1830 630 1873 in
658 1842 868 1886 aequam,
902 1831 962 1874 ad

213 1902 471 1945 aequam,
594 1894 765 1941 center,
826 1891 961 1939 iuste,

213 1954 352 2000 recte,
386 1947 512 2003 quod
598 1949 657 1991 tis
685 1949 746 1992 sit
767 1950 867 1993 374.
901 1949 962 1992 ad

213 2007 383 2051 iustum
417 2008 486 2050 67.
520 2007 640 2051 iuste
674 2013 834 2052 coctus
862 2009 958 2051 133.

215 2079 272 2110 ex
302 2067 399 2110 iure
435 2066 530 2109 133.
576 2067 673 2110 181.
715 2069 815 2110 221.
859 2068 958 2110 252.

216 2126 315 2176 187,
340 2125 492 2168 omnia
521 2139 622 2168 cum
643 2138 792 2181 aequo
818 2126 958 2170 modo

215 2184 429 2234 conteris,
462 2184 684 2239 Pelagon.
719 2186 789 2228 25.
822 2182 897 2228 fin.

303 2243 365 2286 ad
396 2244 466 2287 55.
500 2256 602 2287 sex
634 2257 748 2288 corr.
772 2258 857 2300 pro
882 2258 959 2288 ex.

214 2326 269 2333 -
309 2302 489 2358 aliquot
529 2302 750 2347 librorum
788 2304 960 2359 passim

213 2374 448 2405 recurrens
480 2365 532 2404 ut
553 2362 653 2406 473.
690 2363 958 2414 ,‚vitellum“

213 2433 298 2475 pro
332 2421 440 2471 „ovi
469 2421 707 2474 vitellum“
741 2422 854 2465 artis
888 2435 962 2465 cu-

213 2479 404 2522 linariae
436 2479 560 2522 bona
577 2493 669 2524 vox
688 2480 885 2524 videtur.
908 2505 961 2512 -

215 2541 309 2581 tus
343 2542 390 2581 et
418 2536 556 2583 thus
576 2538 711 2582 codd.
737 2539 815 2593 (ad
833 2539 960 2595 Virg.

214 2596 269 2640 T.
296 2596 343 2640 V.
378 2610 422 2651 p.
445 2596 546 2640 476.
580 2597 706 2641 Iahn.
741 2598 803 2641 ad
834 2599 960 2642 PerS.

216 2657 255 2707 1,
288 2656 377 2709 43).
413 2656 539 2711 quod
570 2656 716 2700 thuris
747 2657 792 2699 in
826 2670 962 2713 opso-

197 2715 300 2761 „niis
352 2715 502 2758 nullus
554 2715 615 2759 sit
656 2729 779 2767 usus,
815 2717 960 2759 ‘Hum

215 2787 330 2817 corr.
383 2774 473 2817 ius
527 2775 768 2818 crudum.
813 2788 961 2831 neque

213 2846 324 2877 vero
358 2833 438 2876 illa
458 2835 610 2878 resina
629 2834 961 2890 intellegenda,

215 2893 299 2936 sed
330 2892 549 2937 libanotis
589 2894 725 2937 Plinii
757 2895 828 2946 20,
864 2894 962 2945 172,

261 2966 299 2999 C.
324 2967 476 3007 Apicius
502 2970 558 3000 ed.
584 2969 741 3002 Schuch.

1055 1304 1165 1354 post
1203 1311 1371 1342 annum
1412 1296 1655 1342 stomacho
1688 1298 1809 1342 salu-

1056 1357 1279 1401 berrimus
1304 1358 1369 1407 19,
1390 1357 1489 1400 187.
1516 1356 1717 1411 pastillis
1737 1358 1807 1407 20,

1057 1418 1157 1460 233.
1206 1417 1363 1460 collat.
1407 1416 1537 1459 Mart.
1571 1416 1615 1468 4,
1661 1416 1733 1467 46,
1768 1418 1806 1460 7.

1060 1476 1392 1529 „rosmarinum
1434 1476 1592 1519 mittes
1630 1475 1675 1517 in
1707 1476 1807 1530 pul-

1054 1540 1154 1580 tes¹‘
1201 1548 1272 1591 ap.
1319 1535 1435 1577 Plin.
1470 1535 1626 1578 Valer.
1660 1534 1701 1585 5,
1736 1535 1804 1577 27.

1056 1619 1109 1624 —
1155 1594 1393 1638 crudum
1441 1598 1513 1638 est
1553 1607 1687 1638 cruor
1730 1593 1805 1647 (cf.

1056 1654 1174 1707 159),
1186 1652 1271 1693 0:³77&
1280 1668 1448 1708 σφαγμα
1466 1658 1514 1697 et
1529 1651 1802 1707 ὑπόσφαγμα,

1056 1713 1214 1757 Galen.
1237 1713 1390 1757 Gloss.
1406 1712 1628 1768 Hippocr.
1648 1726 1691 1768 p.
1703 1712 1805 1763 440,

1052 1771 1231 1818 Athen.
1257 1773 1296 1824 7,
1326 1771 1422 1815 124.
1459 1773 1684 1817 botellum
1702 1787 1804 1818 san-

1052 1833 1270 1887 guineum
1310 1833 1590 1876 recentiores
1625 1833 1805 1885 Graeci,

1053 1897 1104 1934 ut
1158 1891 1408 1935 Erotianus
1466 1891 1616 1935 Gloss.
1666 1893 1802 1948 Hipp.

1050 1964 1096 2005 p.
1130 1951 1230 1994 206.
1264 1949 1486 2003 αἱματείαν
1527 1956 1714 1995 vocant.
1750 1978 1804 1982 —

1052 2001 1276 2053 farcies
1309 2023 1394 2064 pro
1428 2008 1623 2054 facies
1657 2011 1804 2055 exed.

1049 2082 1119 2124 pr.
1153 2073 1201 2112 et
1232 2069 1301 2111 58.

1140 2128 1202 2171 ad
1234 2128 1305 2171 56.
1356 2127 1805 2172 condimentum

1049 2187 1178 2230 nullo
1222 2186 1423 2238 adiecto,
1464 2191 1516 2229 ut
1559 2187 1658 2229 224.
1703 2188 1804 2231 267.

1051 2247 1150 2290 272.
1187 2246 1286 2289 275.
1320 2246 1422 2291 345.
1454 2246 1556 2289 350.
1589 2247 1690 2289 351.
1734 2251 1806 2290 est

1050 2305 1381 2361 petroselinum
1458 2305 1806 2348 macedonicum

1051 2365 1261 2408 Dioscor.
1295 2365 1337 2414 3,
1373 2365 1439 2407 70.
1477 2363 1640 2407 Galen.
1676 2363 1727 2406 T.
1763 2365 1804 2408 6.

1051 2436 1094 2478 p.
1130 2423 1232 2466 282.
1274 2422 1428 2466 Kuhn.
1461 2423 1599 2466 Marc.
1632 2423 1806 2478 Empir.

1054 2482 1123 2524 26.
1156 2477 1231 2524 fin.
1266 2482 1380 2524 Plin.
1401 2481 1502 2525 Val.
1524 2483 1565 2533 2,
1593 2482 1620 2524 8
1654 2484 1714 2537 (2,
1736 2483 1803 2525 15.

1053 2540 1173 2584 male
1190 2542 1412 2596 scriptum
1447 2541 1806 2594 „autonicum“),

1053 2600 1276 2656 Pelagon.
1311 2601 1336 2643 6
1369 2614 1414 2655 p.
1447 2601 1517 2643 36.
1563 2600 1730 2656 Veget.
1763 2603 1806 2653 3,

1055 2659 1124 2710 68,
1147 2661 1187 2702 2.
1207 2660 1247 2711 5,
1267 2660 1337 2711 67,
1357 2667 1398 2703 2.
1415 2659 1580 2703 Isidor.
1598 2661 1666 2711 17,
1683 2663 1703 2702 1
1716 2663 1728 2702 1
1742 2693 1751 2711 ,
1764 2661 1803 2703 2.

1054 2717 1119 2762 St.
1157 2718 1347 2774 Gregor.
1390 2719 1436 2762 in
1467 2718 1635 2762 Ideleri
1669 2719 1805 2775 Corp.

1053 2777 1216 2822 medic.
1252 2778 1303 2820 T.
1328 2780 1365 2821 1.
1398 2791 1441 2833 p.
1473 2779 1570 2821 298.
1606 2778 1804 2834 interpp.

1054 2837 1116 2880 ad
1151 2837 1360 2892 Geopon.
1399 2839 1468 2887 12,
1506 2838 1544 2887 1,
1566 2838 1605 2879 2.
1641 2836 1807 2893 Spren-

1054 2895 1132 2951 gel
1164 2897 1225 2939 ad
1243 2897 1404 2944 Dios0.
1429 2896 1457 2940 l.
1486 2896 1514 2940 l.
1537 2895 1695 2940 bubon
1713 2910 1807 2940 ma-

1542 2984 1572 3029 4
