2066 3276
783 278 882 323 Lib.
914 278 992 321 IX.
1043 277 1252 322 Talassa.
1675 281 1781 334 189

300 410 425 464 410.
466 410 801 463 Locustas
841 427 1039 464 assas
1089 411 1189 464 sic
1231 411 1488 465 facies:
1531 411 1776 482 aperiun-

188 487 271 535 tur
308 484 565 550 locustae,
606 489 661 536 ut
686 484 901 551 assolet,
944 502 1063 537 cum
1101 489 1239 538 testa
1272 502 1369 538 sua
1403 490 1455 539 et
1485 485 1779 539 infunditur

190 557 268 610 cis
308 557 627 627 piperatum,
670 557 1062 611 coriandratum
1104 563 1156 611 et
1194 559 1270 613 sic
1304 559 1359 612 in
1399 559 1654 613 craticula
1693 577 1777 613 as-

188 636 384 684 santur.
445 648 563 684 cum
621 631 956 699 siccaverint,
1018 631 1222 686 adicies
1283 632 1359 686 eis
1417 622 1472 686 in
1526 633 1780 687 craticula

188 704 432 771 quotiens
471 705 793 759 siccaverint
833 722 1109 772 quousque
1148 711 1408 759 assantur.

298 780 424 831 411.
466 778 674 832 locusta
714 779 855 832 elixa
907 796 1024 833 cum
1066 780 1312 833 ciminato
1368 782 1505 835 bene
1545 780 1774 836 inferes:

184 851 355 920 piper,
385 851 685 920 ligisticum‚
726 853 1107 923 petresilinum,
1162 863 1396 908 mentam
1447 855 1663 923 siccam,
1707 857 1777 910 ci-

185 926 382 978 minum
420 925 736 994 plusculum,
777 927 900 994 mel,
941 932 1167 995 acetum,
1207 928 1493 997 liquamen,
1534 929 1579 981 si
1607 931 1775 998 voleS,

184 998 368 1052 folium
409 1003 462 1052 et
498 1001 850 1053 malabatrum
890 1000 1078 1054 addes.

295 1073 420 1126 412.
466 1072 695 1127 Aliter
733 1074 1052 1128 locusta:
1105 1074 1259 1128 isicia
1310 1073 1379 1128 de
1432 1075 1607 1129 cauda
1659 1077 1772 1131 eius

183 1145 260 1201 sic
299 1147 496 1201 facies:
537 1147 795 1202 folliclum
837 1147 1103 1220 [nocivam
1155 1147 1331 1220 uvam]
1385 1150 1531 1217 prius
1585 1150 1772 1205 demes

184 1226 237 1274 et
275 1221 445 1275 elixas
485 1220 683 1276 deinde
722 1223 959 1291 pulpam,
1002 1222 1274 1289 concideS‚
1318 1239 1438 1276 cum
1465 1224 1771 1294 liquamine,

182 1295 369 1364 pipere
411 1299 463 1350 et
501 1298 615 1350 ovis
654 1296 806 1350 isicia
843 1296 1115 1350 formabis

184 1428 254 1480 12,
296 1428 368 1480 59,
413 1429 455 1475 2.
495 1429 589 1473 alia
629 1428 747 1474 enim
791 1441 929 1485 cepa·
1020 1429 1188 1484 risque.
1225 1453 1276 1458 ——
1311 1427 1396 1473 eis
1419 1431 1655 1482 ante‚,in“
1683 1445 1773 1477 om.

180 1500 280 1530 rum
313 1501 485 1543 genera
516 1489 629 1533 alibi
660 1502 753 1532 non
780 1488 930 1532 minus
1019 1487 1143 1532 florr.
1207 1512 1260 1518 —-
1322 1494 1434 1544 post
1496 1497 1773 1542 „assantur”

179 1551 290 1601 apte
343 1547 636 1599 adhibentur,
693 1548 931 1592 ascalonia
1019 1547 1153 1591 Hum.
1194 1546 1330 1590 addit
1378 1548 1525 1599 „bene
1568 1555 1616 1594 et
1658 1549 1774 1595 infe-

182 1605 280 1648 144.
327 1607 424 1650 176.
473 1607 766 1663 pompeiana,
813 1619 930 1650 mar·
1020 1611 1123 1651 res“
1172 1610 1220 1650 et
1261 1605 1340 1650 ubi
1387 1607 1492 1659 411,
1532 1621 1589 1652 ea
1628 1610 1774 1655 verba

179 1664 278 1709 sica
309 1665 409 1710 Col.
445 1667 514 1717 12,
549 1667 618 1717 10,
657 1668 692 1709 1.
740 1691 784 1696 —
838 1679 930 1710 se·
1019 1665 1065 1708 in
1114 1665 1252 1710 codd.
1298 1671 1406 1710 sunt
1458 1667 1620 1712 scribit
1674 1675 1774 1721 „te-

180 1724 317 1779 napi
365 1725 500 1769 codd.
557 1724 615 1770 cf.
667 1724 770 1769 416.
824 1725 928 1769 440.
1021 1728 1138 1769 res“.

179 1782 424 1840 conchylia
453 1783 559 1837 μετὰ
593 1783 754 1830 νάπυος
775 1785 930 1839 parari
1110 1783 1172 1826 ad
1213 1782 1317 1828 411.
1361 1783 1420 1828 de
1460 1797 1517 1829 eo
1560 1786 1772 1832 ablativo

177 1841 307 1887 iubet
336 1842 624 1887 Xenocrates
656 1855 729 1899 ap.
762 1843 926 1888 Ideler.
1021 1842 1118 1886 dixi
1149 1842 1211 1886 ad
1243 1842 1419 1898 Gargil.
1464 1857 1509 1899 p.
1542 1844 1613 1888 42.
1648 1846 1773 1891 adde

180 1903 202 1944 1
237 1914 283 1957 p.
318 1902 403 1944 126
435 1915 532 1958 seq.
565 1901 686 1946 fabis
729 1902 929 1947 adicitur
1018 1902 1120 1946 371.
1172 1927 1222 1932 —
1273 1902 1469 1947 malab
1486 1909 1678 1949 ratum
1726 1906 1772 1949 in

175 1959 222 2003 in
255 1965 444 2005 coctura
477 1975 568 2018 quo
610 1960 793 2006 facilius
833 1976 928 2005 ma·
1019 1974 1113 2005 sex.
1147 1960 1248 2004 424.
1282 1962 1328 2005 in
1361 1961 1544 2007 duobus
1578 1962 1633 2007 cf.
1667 1965 1741 2009 30.

177 2018 370 2063 descant
440 2026 488 2064 et
567 2026 927 2076 percoquantur‚
1107 2020 1169 2064 ad
1201 2021 1303 2064 412.
1338 2022 1524 2066 esicia
1556 2023 1691 2067 codd.
1724 2028 1772 2068 et

178 2077 385 2134 Geopon
419 2082 462 2130 2,
494 2081 564 2123 41.
588 2093 675 2149 pro
701 2080 925 2124 librorum
1018 2085 1200 2136 postea,
1232 2080 1294 2123 ad
1325 2081 1395 2123 37.
1427 2106 1481 2112 —
1507 2082 1575 2126 sic
1590 2083 1769 2127 emend.

175 2135 286 2182 hoc
315 2138 403 2182 ius
436 2139 601 2195 scripsi
644 2140 811 2183 ocius
842 2153 926 2195 po·
1018 2139 1230 2184 codicum
1319 2137 1525 2184 folium
1610 2143 1769 2186 noci.

174 2196 281 2248 tius,
309 2198 485 2249 melius,
510 2204 562 2242 ut
589 2203 798 2242 nostrum
817 2198 927 2243 eher
1017 2211 1195 2243 uvam.
1256 2197 1390 2242 Hum.
1435 2199 1509 2244 ed.
1554 2198 1769 2245 folium

174 2260 247 2299 est
277 2255 437 2308 lieber,
469 2256 707 2309 vielmehr,
739 2258 806 2301 sic
837 2258 926 2313 pri-
1018 2258 1213 2309 nardi,
1278 2271 1465 2302 uvam.
1532 2257 1769 2305 folliculus

174 2328 227 2359 us
259 2328 331 2371 ap.
365 2315 520 2361 Seren.
556 2316 677 2360 Sam.
699 2318 799 2360 535.
822 2318 924 2361 921.
1019 2330 1104 2372 pro
1145 2316 1303 2361 vesica
1344 2330 1421 2372 ap.
1476 2317 1602 2363 Cael.
1651 2318 1768 2364 Aur.

173 2374 307 2426 alios,
340 2375 475 2419 citius
515 2375 636 2420 idem
662 2371 926 2432 significare
1017 2376 1138 2419 tard.
1159 2376 1202 2427 4,
1227 2376 1269 2418 3.
1295 2374 1393 2420 foll.
1417 2377 1637 2432 genitalis
1668 2379 1710 2430 3,
1727 2379 1767 2422 8.

172 2433 218 2476 in
250 2433 425 2478 scholis
458 2434 691 2479 docemus.
719 2434 778 2482 cf.
812 2435 925 2479 Hor.
1016 2435 1153 2479 nobis
1171 2435 1467 2488 itembeutel,
1493 2436 1767 2482 dintenbeu-

172 2492 306 2548 epist.
354 2495 392 2545 1,
437 2494 507 2545 14,
562 2495 634 2538 23.
678 2493 923 2539 Tursellin.
1016 2494 1096 2538 tel.
1129 2494 1367 2550 glossema
1389 2495 1565 2539 uncinis
1586 2496 1767 2542 inclusi.

171 2552 227 2595 ΙΙ.
262 2566 304 2608 p.
341 2553 412 2596 78.
1014 2553 1258 2608 pulpam
1282 2554 1507 2609 locustae.
1541 2555 1589 2598 id
1605 2557 1767 2612 pulpas
1845 2551 1847 2553 ’

260 2611 323 2655 ad
339 2612 440 2656 410.
475 2613 543 2656 sic
574 2625 646 2668 ap.
671 2612 919 2657 Xenocrat.
1014 2618 1220 2657 mentum
1280 2614 1459 2658 caudae
1505 2616 1766 2670 proximum

171 2671 228 2714 28
260 2684 303 2725 p.
342 2671 440 2723 130,
472 2672 513 2714 4.
548 2673 726 2724 σωλῆνες
758 2672 785 2725 ἢ
810 2673 926 2712 avaei
1017 2672 1131 2716 alibi
1150 2672 1329 2728 οὔραῖον
1360 2673 1458 2718 scil,
1481 2680 1669 2728 τέμαχος
1690 2675 1766 2719 vel

170 2730 196 2782 ἦ
228 2726 402 2777 δόνακες
434 2729 703 2779 σκευάζονται
745 2730 923 2786 ἇνοιγὸ-
1017 2730 1210 2787 ἠτριαῖον
1250 2745 1333 2776 seu
1376 2732 1538 2789 ἢτριαία
1582 2734 1765 2786 dieitur,

167 2804 305 2843 μενοι.
342 2789 399 2834 de
442 2794 566 2835 testa
598 2803 689 2833 non
722 2790 925 2834 eximun-
1015 2789 1191 2835 Athen.
1228 2792 1267 2843 7,
1301 2792 1370 2834 67.
1405 2793 1448 2843 3,
1481 2791 1550 2835 64.
1586 2792 1657 2837 49.
1686 2789 1764 2838 fin.

169 2852 256 2892 tur.
290 2861 462 2893 assas
496 2864 552 2894 ex
583 2854 614 2901 β
642 2854 690 2893 et
733 2863 834 2893 cum
868 2849 921 2892 H.
1017 2850 1086 2894 75.
1119 2849 1427 2906 Aristophan.
1461 2851 1521 2896 ib.
1558 2852 1600 2903 9,
1621 2853 1687 2895 17.
1714 2877 1763 2883 -

169 2907 923 2964 add.—infundunturinple-
1015 2914 1074 2953 et
1103 2923 1223 2953 cum
1257 2910 1328 2954 ed.
1362 2923 1430 2965 pr.
1464 2910 1519 2953 H.
