2066 3276
916 135 1171 184 PraefatiO.
1767 136 1838 191 23

242 272 416 327 adhuc
457 271 569 339 fuit,
619 271 826 343 plenior
877 270 1116 325 redditus
1167 276 1247 325 est
1287 275 1339 324 et
1376 270 1552 323 multis
1590 269 1723 322 locis
1761 270 1837 323 lu-

243 363 451 416 culente
478 361 705 430 adiutuS‚
750 378 1069 431 quamquam
1097 360 1305 414 mendis
1333 360 1422 414 vix
1446 359 1695 413 tollendis
1721 376 1836 412 sca-

240 455 351 504 tent
391 456 443 506 et
480 451 700 505 vocibus
741 450 1015 505 abundant
1064 467 1201 519 quae
1239 449 1417 504 lexica
1455 450 1574 502 Tua
1612 449 1835 516 maiora,

239 540 292 593 in
333 539 521 607 quibus
561 540 865 594 Forcellinii
906 545 959 593 et
994 539 1263 607 Ducangii
1295 539 1702 592 novissimarum
1727 538 1836 592 edi-

239 629 457 696 tionum,
498 646 604 682 non
645 629 1115 698 comprehendunt.
1146 627 1299 681 dabis
1324 628 1465 694 mihi,
1507 627 1587 680 vir
1617 627 1835 695 ingenio

241 718 656 786 elegantissimO,
698 724 985 788 antequam
1016 718 1176 771 limen
1203 716 1357 786 Apici
1383 717 1537 784 intr0,
1574 717 1836 770 siccorum

236 806 627 875 pigmentorum
679 812 731 862 et
780 807 1041 875 liquorum
1093 806 1308 859 nomina
1359 822 1644 874 perperam
1691 805 1835 873 picta

238 912 448 963 sanare,
489 897 569 951 Te
609 914 716 951 non
746 896 889 952 nudo
917 897 1206 951 mandasse
1241 894 1495 950 excubias
1522 899 1579 947 ut
1606 912 1638 947 a
1662 894 1836 963 prima
1917 962 1922 967 0

237 985 378 1040 linea
416 986 717 1054 intellegas,
982 984 989 988 ”

351 1075 745 1145 „Zyniperum“
798 1076 913 1131 eius*
951 1075 1153 1131 codicis
1193 1075 1321 1130 alibi
1360 1074 1548 1129 melius
1588 1070 1835 1126 scribitur

235 1162 570 1232 zinziberum,
612 1165 861 1234 zinziber,
903 1165 1149 1233 gingiber
1190 1170 1376 1235 estque
1414 1162 1644 1217 nationis
1683 1161 1834 1214 Tuae

236 1251 564 1320 gingembre.
615 1253 680 1309 cf.
715 1255 785 1308 ad
811 1256 897 1308 29.
934 1272 1030 1324 pro
1082 1255 1385 1326 „gentima“
1444 1254 1685 1307 codicem
1736 1252 1828 1306 ha-

234 1343 363 1397 bere
404 1343 652 1413 „gentia“
694 1348 919 1397 testatur
959 1344 1184 1397 Salmas.
1238 1344 1291 1396 in
1333 1343 1498 1397 Solin.
1541 1360 1594 1412 p.
1625 1344 1748 1396 823.
1780 1360 1827 1397 a.

238 1448 465 1501 esseque
516 1436 667 1503 putat
718 1433 881 1501 getia‚
923 1434 1196 1503 gethyum,
1248 1424 1447 1504 γήθυον
1487 1450 1583 1487 seu
1609 1424 1829 1503 γήτειον,

237 1536 462 1589 quocum
514 1537 621 1573 non
671 1521 830 1589 facie,
886 1540 951 1576 ea
1005 1524 1143 1577 enim
1197 1540 1332 1591 cepa
1373 1524 1567 1576 Nostro
1608 1526 1831 1576 vocatur

233 1610 554 1678 pallachana
593 1611 659 1665 cf.
690 1612 761 1665 ad
801 1613 924 1667 145.
965 1613 1093 1666 mihi
1134 1617 1215 1666 est
1252 1611 1408 1664 Plinii
1452 1612 1536 1678 19,
1584 1612 1703 1664 102.
1746 1628 1828 1665 se-

239 1699 400 1766 tania,
446 1702 530 1768 19,
572 1702 659 1755 95.
701 1702 1060 1771 Theophrasti
1096 1701 1215 1756 hist.
1257 1702 1423 1771 plant.
1467 1702 1517 1768 7,
1559 1702 1611 1768 4,
1654 1702 1702 1753 7.
1746 1717 1827 1755 se-

238 1788 436 1856 tanion,
480 1782 723 1861 σητάνιον
761 1783 1041 1863 κρόμμυον
1080 1791 1147 1846 cf.
1189 1791 1261 1844 ad
1301 1791 1425 1844 356.
1474 1790 1703 1860 „timmi“
1749 1795 1832 1844 est

232 1876 359 1944 timi,
408 1878 575 1947 thymi
626 1880 659 1933 i.
704 1897 748 1934 e.
790 1879 1082 1934 folliculum
1131 1881 1243 1934 eius
1284 1897 1402 1934 cum
1442 1880 1643 1933 semine
1684 1879 1829 1949 quod

234 1966 289 2018 in
330 1983 393 2019 eo
435 1969 747 2037 continetur,
787 1974 844 2022 ut
882 1970 1022 2023 baca
1059 1974 1208 2023 rutae
1240 1970 1362 2023 137.
1397 1970 1516 2022 138.
1546 1970 1671 2022 473.
1718 1968 1827 2039 „fa-

234 2054 472 2109 stinaca“
512 2062 592 2110 est
623 2057 831 2112 fascina
856 2057 1071 2111 Catonis
1101 2059 1188 2125 37,
1217 2059 1266 2112 5.
1299 2057 1452 2111 Ovid.
1476 2058 1596 2111 fast.
1622 2058 1673 2124 4,
1700 2057 1825 2110 754.

232 2145 358 2199 inde
397 2147 756 2200 Romanorum
793 2146 1172 2201 hodiernorum
1216 2147 1424 2200 fascina
1464 2151 1517 2200 et
1556 2146 1829 2199 Gallorum

231 2234 437 2289 fascine
491 2235 647 2306 (Diez
687 2236 816 2289 Lex,
868 2235 917 2288 d.
960 2252 1087 2288 rom.
1133 2253 1236 2306 spr.
1280 2253 1332 2304 p.
1381 2235 1526 2306 140.)
1579 2251 1676 2303 pro
1716 2235 1827 2286 vul-

231 2324 350 2391 gari
388 2341 523 2378 voce
562 2324 866 2378 fasciculus,
913 2324 1085 2393 „alin“
1130 2328 1211 2377 est
1249 2324 1357 2375 aliu
1395 2324 1427 2375 i.
1464 2340 1509 2376 e.
1546 2323 1707 2375 alium
1731 2339 1828 2375 seu

231 2411 427 2465 allium.
486 2413 747 2482 ‚70spera“
791 2429 897 2464 non
949 2417 1069 2465 sunt
1107 2405 1324 2482 ὄσπρια,
1378 2416 1624 2479 corrupte
1665 2410 1829 2479 spiria

232 2518 317 2571 ap.
351 2502 487 2553 Non.
514 2518 565 2568 p.
602 2502 704 2552 138
764 2500 817 2551 in
846 2517 1042 2567 ervum,
1084 2517 1260 2568 neque
1289 2505 1520 2568 ospreta,
1565 2491 1825 2570 ὀσιτρητά,

232 2588 329 2642 sed
370 2605 598 2658 prasum,
640 2581 844 2659 πράσον
878 2589 966 2641 vel
994 2589 1154 2641 alium
1181 2589 1630 2657 scorodoprason‚
1674 2605 1826 2658 ‹5on-

231 2669 502 2749 δόπρασον
541 2678 784 2730 Dioscor.
823 2671 872 2744 2,
903 2679 1023 2732 182.
1052 2678 1187 2731 Plin.
1225 2677 1309 2730 525.
1339 2678 1422 2730 63.
1465 2677 1645 2729 allium
1672 2676 1826 2729 fibra-

229 2771 340 2825 tum
376 2767 432 2822 in
469 2766 647 2835 Priap.
691 2766 779 2834 51,
824 2768 909 2819 22.
952 2767 1149 2835 Vergil.
1191 2772 1376 2822 moret.
1420 2767 1506 2828 88.
1551 2765 1827 2831 Gallorum
