2066 3276
302 254 405 307 164

781 253 882 297 Lib.
916 253 1039 296 VIII.
1090 253 1335 308 Tetrapus.

407 385 530 437 357.
587 387 644 436 In
695 385 964 436 vitulinam
1016 384 1238 437 elixam:
1291 390 1432 437 teres
1472 386 1641 452 piper,
1694 386 1878 452 ligisti-

297 476 432 525 cum,
488 475 718 524 careum,
772 459 863 525 api
903 474 1103 522 semen,
1156 458 1428 510 suffundes
1476 459 1597 524 mel,
1652 465 1878 524 acetum,

295 532 580 598 liquamen,
622 532 812 583 oleum.
858 530 1162 597 calefacieS,
1211 532 1384 582 amolo
1427 532 1635 597 obligas
1675 537 1726 584 et
1768 549 1878 584 car-

294 621 416 658 nem
455 604 761 671 perfundes.

408 679 529 730 358.
587 678 753 730 Aliter
791 677 845 728 in
885 677 1105 728 vitulina
1146 676 1313 728 elixa:
1369 679 1538 745 piper,
1578 677 1880 744 ligisticum,

295 750 513 804 feniculi
553 768 753 817 semen,
809 751 1106 816 origanum,
1157 750 1392 815 nucleOS,
1448 752 1717 817 cariotam,
1759 751 1881 817 mel,

296 829 523 890 acetum,
563 824 848 892 liquamen,
891 840 1094 890 senape
1137 827 1188 874 et
1228 823 1361 875 ole0.
1800 872 1814 878 ,

408 899 529 950 359.
593 897 910 966 Copadia
956 897 1213 950 aeclina
1266 897 1415 949 sive
1458 897 1746 963 agnina:
1807 897 1882 964 pi-

297 989 426 1039 pere
476 976 528 1024 et
578 971 865 1037 liquamine
920 986 1135 1036 coqueS,
1187 986 1301 1021 sum
1341 970 1560 1022 faseolis
1599 970 1881 1036 faratariis,

298 1045 601 1112 liquamine,
659 1045 864 1112 pipere,
918 1044 1109 1110 lasare,
1167 1060 1285 1095 cum
1335 1045 1591 1097 imbracto
1647 1044 1884 1098 bucellas

297 1119 451 1186 panis
492 1124 544 1171 et
585 1119 704 1171 oleo
746 1117 975 1171 modico·

299 1279 516 1324 facillime
550 1277 769 1323 confundi
787 1278 953 1333 potuit.
989 1276 1045 1321 cf.

298 1340 417 1383 Plin.
464 1340 532 1389 19,
575 1339 645 1382 95.
694 1338 793 1380 102.
853 1336 1049 1390 σητάνιον

300 1398 528 1453 κρόμμυον
574 1395 887 1451 Theophl'ast.
937 1395 1047 1443 hist,

298 1457 360 1512 pl.
398 1458 437 1507 7,
470 1456 512 1507 4,
547 1456 583 1498 7.
648 1454 790 1510 Apici
831 1455 1047 1510 Excerpt.

299 1517 345 1559 in
377 1513 575 1571 praefat.
609 1527 726 1558 mea.
751 1513 922 1558 infelici
955 1527 1048 1557 ma-

299 1589 359 1620 nu
416 1575 548 1618 Hum.
607 1573 791 1628 scripsit
850 1573 1049 1628 porris

300 1633 684 1678 succidaneis
710 1633 788 1687 qui
805 1633 897 1675 sint
914 1633 1049 1676 secti-

298 1693 381 1744 les,
414 1692 591 1742 sectivi,
620 1691 827 1742 tonsiles,
856 1691 1048 1735 schnitt-

300 1751 507 1802 zwiebel,
541 1750 789 1794 schlotten.
823 1751 888 1794 sic
921 1756 1049 1794 cets

300 1809 540 1855 confusum
581 1822 651 1865 ap.
698 1809 850 1852 Manil.
900 1812 937 1861 1,
978 1810 1046 1852 57.

299 1871 378 1914 ubi
410 1869 565 1913 malim
603 1872 922 1924 „pi·aesepta“.

388 1929 448 1972 ad
496 1928 596 1971 358.
661 1940 883 1982 senape
933 1941 1047 1971 corr.

299 2001 383 2044 pro
417 1988 628 2042 senapi
663 2000 719 2030 ex
751 1987 850 2029 393.

388 2047 450 2090 ad
492 2046 593 2090 359.
658 2050 709 2089 ut
757 2058 812 2089 ea
852 2045 1051 2100 copadia

299 2102 417 2149 fiant
448 2105 660 2148 audimus
694 2105 794 2148 370.
838 2130 893 2136 —-
940 2118 1053 2147 unus

299 2178 356 2209 ex
403 2163 686 2208 difficillimis
735 2163 862 2208 locis.
929 2176 1053 2207 cum

299 2223 591 2268 fasceolis
620 2222 937 2266 fara-tareis
954 2236 1053 2278 par.

298 2282 614 2339 phaseolis
646 2283 963 2337 paratariis
988 2282 1052 2324 in-

301 2343 427 2387 venit
461 2343 594 2385 Huni.
630 2346 677 2385 et
710 2340 873 2384 scribit
920 2353 1051 2394 „nam

298 2401 569 2457 propinquis
623 2399 862 2451 fructibus,
912 2405 962 2442 ut
1010 2401 1051 2451 2,

302 2461 399 2504 175.
441 2460 525 2504 sub
570 2458 801 2503 hortensis
850 2459 1051 2502 smilacis

298 2519 482 2563 nomine
515 2522 718 2562 testatur
734 2518 1050 2569 Dioscorides,

302 2583 432 2622 tanto
466 2577 669 2632 undique
701 2578 981 2622 incremento
1001 2589 1050 2620 se

298 2637 553 2692 implicant,
597 2641 649 2679 ut
696 2648 857 2679 scenas
907 2636 1049 2679 etiam

299 2702 346 2741 et
364 2696 568 2740 tentoria
585 2694 886 2739 inumbrent“.
924 2695 1051 2750 quod

299 2755 578 2800 adiectivum
612 2754 651 2797 si
673 2754 719 2796 in
736 2754 855 2797 libro
874 2753 932 2797 (le
950 2759 1050 2797 arte

299 2815 569 2871 coquinaria
586 2813 737 2857 locum
756 2812 926 2856 habere
943 2825 1050 2868 pos-

299 2879 386 2928 set,
405 2878 527 2920 esset
545 2873 702 2930 potins
729 2872 1045 2928 „parietariis“

1138 1292 1172 1322 s.
1197 1278 1487 1333 „parietinis“
1516 1291 1571 1322 ex
1589 1276 1748 1322 Aurel.
1764 1278 1885 1322 Vict.

1137 1339 1183 1381 in
1232 1338 1389 1381 Const.
1439 1338 1548 1392 epit.
1597 1339 1638 1380 6.
1686 1342 1734 1382 et
1774 1336 1888 1380 Am-

1138 1397 1273 1440 mian.
1308 1397 1444 1439 Marc.
1480 1398 1550 1447 ⁴27,
1583 1397 1625 1447 3,
1660 1397 1699 1440 7.
1734 1397 1811 1452 qui
1828 1396 1889 1439 ad

1138 1456 1340 1512 parietes
1397 1455 1706 1511 pergulasque
1760 1468 1888 1499 sean-

1140 1515 1248 1558 dere
1301 1515 1414 1569 apti,
1461 1514 1535 1558 vel
1587 1515 1884 1569 „paratariis“

1140 1587 1197 1618 ex
1230 1573 1403 1629 Vergil.
1441 1574 1492 1617 Gr.
1530 1574 1569 1621 1,
1605 1574 1704 1616 227.
1738 1573 1786 1616 id
1818 1577 1889 1617 est

1141 1633 1325 1683 vilibus,
1375 1632 1675 1687 parabilibus,
1721 1637 1890 1687 paratu

1142 1691 1371 1742 facilibus,
1406 1691 1566 1746 quales
1599 1691 1659 1734 ad
1693 1704 1794 1735 eum
1829 1692 1889 1734 ci-

1140 1751 1246 1794 bum
1281 1750 1625 1805 exquisitiorem
1667 1763 1757 1793 non
1790 1749 1889 1794 ido-

1140 1823 1252 1853 ncos
1287 1822 1386 1852 esse
1416 1809 1727 1864 unusquisque
1744 1808 1888 1852 videt.

1145 1868 1387 1922 „faseolis“
1439 1872 1600 1911 tenens
1660 1867 1888 1923 equidem,

1140 1927 1292 1971 inveni
1326 1926 1605 1978 „fa1·inariis“
1632 1927 1756 1969 mola
1773 1924 1889 1970 frac-

1143 1987 1218 2038 tis,
1252 1985 1445 2041 ἒρέγμαῖι
1476 1984 1890 2041 8811ἒρεγμῷ,ἆλεὺ-

1146 2061 1203 2099 ρῳ
1237 2043 1454 2100 ἓρεγμίνῳ,
1486 2058 1570 2099 pro
1606 2058 1695 2099 quo
1721 2044 1889 2088 lomen-

1144 2110 1194 2148 to
1227 2117 1334 2148 mox
1364 2103 1574 2147 bucellae
1592 2103 1724 2157 panis
1742 2103 1890 2147 adius

1145 2163 1445 2218 obligandum
1457 2162 1778 2205 adhibeantur.
1798 2162 1889 2206 duo

1146 2222 1391 2266 condiendi
1433 2234 1603 2277 genera
1643 2221 1892 2264 statuenda

1144 2295 1246 2326 esse
1277 2294 1362 2336 pro
1396 2284 1523 2324 certo
1541 2280 1705 2324 habeo.
1738 2280 1891 2323 inveni

1144 2341 1284 2384 etiam
1341 2338 1662 2383 fasciculis
1718 2351 1890 2394 para-

1143 2400 1323 2442 tariis
1386 2399 1545 2454 quales
1607 2399 1698 2441 sint
1744 2402 1890 2448 rutae,

1142 2458 1282 2509 aneti,
1330 2458 1522 2513 origani,
1580 2457 1719 2512 porri,
1775 2469 1891 2512 quos

1141 2517 1311 2561 Noster
1341 2517 1526 2571 saepius
1558 2516 1603 2559 in
1635 2516 1704 2559 ius
1733 2516 1890 2567 mittit,

1114 2576 1216 2620 ·vel
1260 2589 1386 2619 cum
1437 2574 1544 2625 fas,
1593 2575 1763 2626 colis,
1806 2573 1891 2617 fa-

1141 2640 1287 2686 rato‚
1320 2636 1368 2677 si
1402 2635 1494 2677 vis
1528 2634 1624 2689 liq.
1670 2633 1795 2689 quod
1831 2633 1892 2676 sit

1141 2694 1246 2738 colo
1280 2693 1429 2738 echini
1462 2693 1613 2744 condi,
1658 2706 1759 2736 cum
1791 2688 1891 2734 fieri

1140 2758 1314 2808 potest,
1353 2753 1391 2796 si
1423 2757 1531 2796 sunt
1563 2752 1663 2795 218.
1697 2752 1800 2795 372.
1843 2754 1891 2794 et

1140 2811 1260 2856 farre
1293 2811 1453 2867 obliga
1488 2811 1563 2855 vel
1591 2810 1781 2854 bucellis
1809 2821 1889 2865 pa-

1139 2870 1210 2917 nis
1257 2871 1286 2915 i.
1321 2885 1359 2917 e.
1409 2870 1648 2916 confracto
1697 2869 1765 2913 53.
1814 2868 1889 2914 vel
