2066 3276
237 215 306 281 3¹8
791 215 890 260 Lib.
923 216 956 260 I.
1018 215 1265 274 Epimeles.

349 352 435 404 34.
495 349 941 420 Hypotrima:
1000 352 1171 420 piper,
1224 351 1539 419 ligisticum,
1593 359 1824 409 mentam

235 423 461 493 aridam,
514 426 735 479 nucleos
786 424 991 493 pineos,
1042 443 1198 479 uvam
1257 443 1491 494 passam,
1553 429 1823 497 cariotam‚

235 515 452 552 caseum
511 499 750 566 dulcem,
810 500 938 567 mel,
998 506 1233 567 acetum,
1285 501 1570 569 liquamen,
1628 503 1823 570 vinum,

234 573 424 639 oleum,
467 572 745 626 defrictum
784 578 875 625 aut
914 574 1183 629 cariotum.

346 647 432 700 35.
477 646 624 716 Oxy
639 663 874 714 garum
901 647 1352 716 digestibile:
1393 649 1593 718 piperis
1619 666 1825 703 semun-

233 720 388 790 ciam,
428 721 513 774 sili
553 721 746 789 gallici
773 721 1035 790 scripulos
1074 723 1171 775 ΙΙΙ.
1216 723 1540 777 cardamomi
1567 724 1826 810 scripulos

231 782 806 864 VI.clm1mscr1pulos
831 796 922 849 VI.
945 795 1339 876 foliscripulum
1368 798 1407 850 I.
1425 802 1635 851 mentae
1650 798 1826 852 siccae

230 869 491 938 scripulos
502 870 593 923 VI
610 874 766 922 tunsa
782 864 1115 938 cribrataque
1131 872 1289 925 melle
1306 872 1530 939 colligiS,
1558 889 1675 926 cum
1693 889 1827 941 opus

229 942 402 1010 fuerit,
425 944 694 1010 liquamen
725 948 777 997 et
797 948 1006 997 acetum
1033 946 1205 999 addis.
1248 946 1440 999 Aliter:
1477 946 1678 1016 piperis
1705 963 1824 1000 unc.

229 1018 271 1072 Ι.
298 1018 612 1087 petrosilini,
644 1018 802 1085 carei,
830 1018 1044 1086 ligistici
1071 1037 1189 1073 unc.
1219 1019 1473 1089 singulas,
1494 1021 1653 1074 melle
1683 1020 1826 1074 colli-

231 1097 441 1160 guntur,
485 1110 603 1146 cum
639 1109 772 1161 opus
804 1091 981 1162 fuerit,
1022 1093 1291 1161 liquamen
1320 1099 1373 1148 et
1398 1099 1609 1148 acetum
1636 1095 1823 1149 addes.

343 1167 430 1221 36.
492 1167 859 1219 Mortaria:
925 1173 1175 1233 mentam,
1229 1173 1416 1235 rutam,
1473 1168 1825 1235 coriandrum,

230 1238 518 1294 feniculum
571 1240 750 1293 omnia
799 1240 1006 1309 viridia,
1058 1242 1344 1310 ligisticum
1382 1242 1555 1311 piper,
1603 1244 1726 1310 mel,
1767 1243 1826 1296 li-

230 1330 476 1381 quamen.
519 1318 564 1369 si
606 1331 739 1383 opus
778 1314 951 1380 fuerit,
991 1321 1199 1370 acetum
1240 1316 1426 1369 addes,

1079 1494 1208 1534 σέσελι
1239 1492 1435 1548 γαλλικὸν
1477 1493 1705 1550 Hippiatr.
1742 1492 1827 1545 „Sil

1038 1584 1049 1597 .
1077 1553 1394 1597 massiliense“
1458 1553 1573 1597 Plin.
1633 1554 1705 1602 20,
1754 1552 1826 1596 36.

1080 1612 1499 1664 „massalioticum“
1540 1611 1741 1657 Marcell.
1786 1613 1823 1654 1.
1868 1665 1872 1669 .

1076 1671 1155 1716 fol.
1190 1672 1262 1715 88.
1297 1684 1337 1715 a.
1371 1671 1441 1716 ed.
1475 1671 1586 1715 Ald.
1621 1672 1677 1715 sil
1699 1685 1827 1715 mon-

1076 1735 1234 1775 tanum
1267 1729 1386 1774 infra
1421 1731 1487 1774 75.
1522 1730 1663 1775 hodie
1688 1730 1826 1775 seseli

318 1491 379 1537 ad
411 1492 483 1537 34.
549 1492 836 1537 cariotum
899 1506 985 1539 em.

226 1565 312 1609 pro
330 1552 552 1596 librorum
573 1564 637 1596 ca
650 1553 697 1596 ri
710 1566 737 1597 ο
751 1558 771 1596 t
788 1566 884 1596 am.
927 1551 985 1598 cf.

233 1612 336 1656 277.
369 1612 471 1656 310.
505 1612 605 1656 385.
642 1616 714 1657 est
744 1612 901 1658 nobile
934 1612 987 1657 il-

232 1670 314 1715 lud
345 1671 500 1715 vinum
534 1670 782 1727 palmeum,
824 1685 880 1716 ex
913 1685 987 1716 ca-

230 1730 382 1788 ryotis
411 1729 601 1781 factum,
637 1731 763 1786 quod
792 1731 894 1776 dibs
919 1732 986 1776 di-

231 1794 355 1840 cunt,
391 1788 699 1847 dattelhonig.
750 1790 884 1835 Hum.
912 1791 983 1836 ed.

231 1862 551 1895 caroenum.

315 1908 377 1952 ad
419 1909 488 1952 35.
555 1908 984 1954 detestabilem

226 1972 275 2014 et
299 1968 785 2013 detestibilemin
805 1969 986 2025 aliquot

229 2027 365 2072 codd.
389 2040 556 2079 „sucus
574 2027 884 2084 digestibilis“
909 2041 982 2083 ap.

230 2086 356 2131 Cael.
388 2085 504 2131 Aur.
541 2085 698 2131 chron.
734 2088 774 2138 1,
805 2087 846 2130 4.
890 2087 985 2140 ‚‚di=

227 2146 484 2199 gastorium
548 2146 836 2190 embamma“
908 2159 981 2202 ap.

228 2205 367 2249 Marc.
402 2204 534 2260 Emp.
569 2205 639 2248 20.
675 2203 844 2259 ἆγαθόν
876 2206 985 2260 πρὸς

227 2263 446 2367 ἕζὲεψὲκν
499 2262 675 2309 Athen.
719 2265 761 2367 z,
804 2264 984 2366 {3311

318 2356 329 2367 .
412 2336 436 2368 e
481 2336 651 2379 genere
698 2336 725 2366 a
868 2356 876 2365 .
929 2349 981 2354 —

225 2395 472 2427 semunc.
519 2386 567 2426 et
609 2383 889 2427 semiunc.
924 2381 984 2434 fet

226 2442 272 2485 in
305 2445 336 2492 β
380 2441 570 2485 simun
587 2453 623 2485 c.
668 2442 864 2485 variant.
910 2441 980 2485 46.

226 2499 352 2544 Iahn.
388 2499 495 2543 Var.
530 2501 658 2545 Lect.
688 2501 749 2544 ad
781 2501 905 2544 Pers.
939 2500 981 2552 5,

230 2559 328 2602 121.
393 2557 627 2602 Hermann
678 2560 804 2603 Lect.
854 2560 979 2603 Pers.

226 2617 307 2662 III.
339 2631 383 2673 p.
419 2617 489 2661 ⁶25.
515 2642 569 2649 —
594 2631 679 2674 pro
699 2616 815 2662 silf
821 2618 835 2661 i
865 2631 979 2662 corr.

227 2676 347 2725 Sili,
381 2678 459 2716 σίλι
498 2680 546 2721 et
582 2678 712 2716 σέσελι
742 2690 825 2721 seu
857 2679 979 2716 σέσε-

228 2736 298 2784 Zac,
318 2735 563 2787 „seselium
580 2736 828 2792 gallicum·‘
862 2736 979 2779 Plin.

228 2793 330 2837 Val.
388 2796 427 2847 1,
475 2794 544 2838 58.
597 2794 680 2845 „sil
727 2794 979 2851 gallicum“

228 2851 394 2910 Veget.
430 2853 471 2905 5,
505 2854 577 2905 26,
609 2854 648 2896 3.
684 2853 728 2906 5,
760 2854 832 2906 39,
867 2854 903 2896 1.
938 2854 978 2898 6.

1076 1794 1352 1840 tortuosum,
1385 1789 1719 1846 bergkiimmel.
1764 1789 1826 1833 ad

1075 1849 1294 1894 Nostrum
1337 1848 1451 1893 facit
1494 1849 1608 1893 Plin.
1649 1849 1720 1901 ΞΟ,
1752 1849 1822 1893 37.

1077 1908 1299 1961 „multum
1332 1909 1375 1951 in
1399 1922 1575 1952 summo
1596 1908 1699 1953 cibo
1719 1922 1824 1953 con-

1077 1967 1366 2013 coctionibus
1400 1967 1581 2012 confert
1611 1968 1686 2012 vel
1710 1966 1824 2012 folio

1075 2028 1149 2072 vel
1182 2028 1399 2078 semine“,
1434 2027 1559 2083 quod
1587 2027 1825 2085 tordylion

1075 2091 1273 2131 vocatur
1319 2086 1393 2138 90,
1454 2087 1553 2130 238.
1604 2086 1675 2135 24,
1726 2086 1822 2130 177.

1074 2147 1230 2190 Diosc.
1250 2146 1292 2196 3,
1312 2146 1381 2188 56.
1415 2146 1571 2189 vinum
1592 2145 1700 2190 inde
1719 2158 1825 2189 con-

1076 2205 1223 2249 ditum
1272 2204 1516 2254 „silatum“
1565 2205 1698 2248 audit
1747 2217 1824 2259 ap.

1073 2264 1202 2308 Paul.
1236 2263 1359 2307 Fest.
1394 2277 1437 2318 p.
1463 2263 1562 2307 346.
1582 2264 1681 2307 347.
1717 2262 1823 2308 coll.

1074 2323 1229 2367 Diosc.
1263 2323 1305 2373 3,
1338 2323 1482 2366 53.—-
1518 2322 1825 2377 colligunt

1073 2388 1135 2426 ut
1188 2381 1264 2425 vel
1312 2381 1619 2437 colligunt
1666 2386 1721 2425 et
1776 2382 1823 2425 in

1075 2441 1208 2486 codd.

1162 2500 1223 2543 ad
1240 2499 1310 2543 36.
1344 2498 1697 2543 Mortariaet
1718 2513 1823 2544 mo-

1072 2574 1094 2603 r
1108 2573 1132 2603 e
1147 2564 1167 2602 t
1180 2571 1208 2602 a
1225 2558 1266 2603 ri
1281 2570 1309 2601 a
1342 2557 1476 2601 codd.
1506 2558 1723 2613 suppleto
1741 2572 1821 2603 no-

1071 2619 1192 2662 mine
1214 2617 1569 2673 „condimenta“
1603 2621 1711 2660 sunt
1749 2630 1822 2661 res

1070 2676 1374 2726 necessariae,
1399 2676 1619 2731 imprimis
1636 2675 1820 2727 herbae,

1073 2749 1191 2792 quae
1222 2735 1268 2778 in
1311 2735 1532 2778 mortario
1566 2734 1822 2778 tunduntur

1072 2800 1120 2839 et
1161 2795 1223 2839 ad
1267 2793 1417 2836 cibum
1462 2793 1588 2836 illum
1635 2793 1708 2836 cui
1739 2806 1819 2837 no-

1071 2867 1174 2898 men
1236 2856 1465 2898 moretum
1527 2849 1817 2897 adhibent-ur.
