2066 3276
218 228 255 281 4
842 191 849 193 Δ
884 225 1137 272 Praefatio.

218 376 465 412 romanus
503 360 593 411 ille
633 360 919 412 Maecenas
961 359 1199 425 consiliO,
1253 359 1464 427 divitiis,
1518 377 1682 428 opera
1730 361 1807 413 fa-

218 449 379 501 vebat
417 448 495 500 sui
535 448 698 500 seculi
737 447 958 500 literatis
997 447 1139 514 viriS,
1180 447 1255 499 ita
1302 452 1353 499 et
1391 448 1473 500 Tu
1512 453 1692 502 noster
1731 448 1806 501 fa-

220 536 312 602 cis,
355 535 786 602 quandoquidem
816 534 1002 588 doctos
1038 536 1229 588 doctus
1257 535 1374 603 ipse
1399 536 1550 589 iuvas
1580 553 1807 604 semper,

219 628 503 689 sustentas,
558 623 672 690 alis,
728 623 827 675 das
877 640 1112 691 munera,
1168 623 1367 692 prodes
1423 625 1664 677 omnibus
1705 630 1809 678 stu-

220 711 400 764 diosis
454 728 554 764 nec
606 728 765 779 porro
826 711 1026 779 dubito,
1100 712 1225 779 quin
1277 729 1414 765 nunc
1463 729 1672 779 quoque
1726 714 1812 766 vel

220 800 450 853 maxime
492 799 665 853 eidem
705 800 906 868 ingenii
950 801 1054 854 mei
1095 800 1264 854 foetui
1302 801 1355 852 in
1394 801 1661 869 publicum
1692 819 1810 870 pro-

221 888 405 942 deunti
446 887 638 941 adesse
679 889 828 955 velis,
871 906 974 956 quo
1015 889 1173 942 tutior
1205 890 1341 942 inter
1373 889 1687 942 iudiciorum
1720 907 1811 957 pe-

219 978 387 1032 ricula
438 982 679 1031 versetur
729 983 889 1045 atque
941 978 1214 1032 honestior
1253 979 1369 1030 Tuo
1411 978 1640 1045 nomine,
1696 978 1810 1031 Tuo

220 1066 529 1137 patrocinio,
574 1066 770 1135 optimo
812 1066 925 1121 iure
966 1066 1172 1135 riteque
1211 1067 1400 1136 Apicio
1436 1067 1681 1135 Apicium
1722 1066 1812 1121 de-

222 1155 508 1210 dicandum
542 1155 841 1209 existimavi
878 1173 994 1210 cum
1024 1162 1080 1208 ut
1108 1156 1500 1210 observantiam
1528 1157 1809 1224 probarem

220 1250 576 1312 testatamque
615 1244 865 1312 facerem,
907 1250 1017 1298 tum
1052 1245 1195 1313 quod
1224 1246 1303 1298 Te
1334 1262 1452 1299 cum
1478 1245 1660 1313 primis
1687 1245 1811 1299 ista-

220 1350 336 1388 rum
372 1351 546 1388 rerum
587 1334 891 1401 cognitione
933 1334 1069 1403 capi,
1110 1335 1211 1387 isto
1247 1334 1575 1402 antiquitatis
1612 1351 1814 1402 genere

220 1423 391 1478 teneri
432 1423 698 1490 otiumque
739 1423 1008 1476 oblectare
1048 1428 1390 1492 perspectum
1429 1423 1704 1490 haberem,
1761 1428 1817 1476 ut

223 1512 312 1581 qui
350 1528 619 1579 nunquam
668 1529 774 1564 non
825 1512 1032 1565 lectites
1074 1512 1294 1580 dignum
1343 1511 1485 1580 quod
1525 1513 1579 1565 in
1618 1530 1815 1566 memo-

222 1602 334 1656 riae
373 1601 612 1655 alveolos
653 1600 1038 1669 compingatur,
1093 1618 1306 1670 semper
1347 1601 1579 1655 eruditas
1622 1601 1814 1655 disser-

221 1691 452 1745 tationes
493 1694 546 1743 et
586 1689 851 1756 colloquia
888 1689 1134 1757 misceaS,
1186 1695 1242 1742 ut
1281 1708 1380 1744 nec
1419 1707 1605 1743 mensa
1645 1690 1815 1744 doctis

225 1779 575 1834 condimentis
630 1782 811 1832 eareat
862 1779 1057 1845 Vixque
1110 1778 1377 1832 dilabatur
1416 1779 1532 1832 sine
1572 1779 1814 1833 lectionis

220 1868 395 1922 fructu
447 1867 590 1935 quod
629 1867 795 1920 sacris
835 1867 1156 1935 impenditur
1195 1877 1420 1936 tempus,
1473 1867 1578 1921 imo
1621 1869 1815 1935 ubique

223 1957 467 2025 genuinis
508 1956 616 2009 suis
656 1956 885 2008 animum
929 1957 1161 2010 exsaties
1203 1957 1409 2025 opibus,
1466 1957 1541 2009 ita
1593 1961 1649 2009 ut
1687 1956 1814 2009 nihil

221 2063 439 2116 prorsus
479 2045 600 2099 Tibi
654 2062 773 2099 cum
813 2046 974 2113 vulgo
1018 2045 1238 2098 divitum
1277 2046 1627 2112 indoctorum,
1684 2061 1815 2112 quos

221 2139 368 2190 recte
410 2134 534 2187 olim
572 2133 847 2201 Diogenes
888 2151 1050 2188 aureo
1093 2139 1310 2188 onustas
1344 2135 1542 2189 vellere
1576 2134 1814 2203 pecudes

222 2223 510 2291 vocitabat,
553 2239 832 2276 commune
874 2240 992 2277 esse
1032 2224 1267 2292 patiaris,

333 2313 547 2366 Utinam
600 2311 726 2364 mihi
778 2312 924 2365 cuius
974 2329 1080 2365 non
1134 2317 1216 2365 est
1261 2312 1315 2365 in
1355 2318 1698 2366 transennam
1737 2312 1813 2364 in-

225 2387 439 2466 ducere,
478 2418 627 2454 rosas
670 2405 723 2454 et
760 2401 963 2468 tragice
1002 2401 1163 2469 loqui,
1205 2401 1398 2455 farcire
1440 2406 1710 2469 centones,
1755 2419 1813 2454 os

222 2490 489 2544 sublinere
529 2507 628 2558 par
669 2494 810 2543 esset
848 2490 1122 2557 ingenium
1156 2490 1402 2544 laudibus
1443 2491 1571 2543 Tuis
1597 2491 1683 2544 vel
1711 2491 1812 2543 sal-

221 2583 329 2633 tem
369 2583 425 2631 ut
452 2578 729 2647 cupiditati
754 2595 909 2632 meae
938 2578 1320 2646 satisfacerem,
1366 2595 1684 2646 quamquam
1718 2596 1815 2632 sua

221 2667 339 2722 luce
381 2667 660 2721 clarissimi
699 2667 798 2719 viri
838 2667 1026 2720 alienis
1064 2667 1311 2735 igniculis
1362 2668 1533 2720 minus
1572 2668 1815 2736 indigent

224 2761 277 2811 et
330 2757 508 2811 lumen
560 2756 659 2810 soli
707 2761 950 2809 mutuare
1002 2756 1254 2825 ineptum.
1306 2774 1488 2810 verum
1537 2756 1813 2810 verissima

222 2846 396 2901 fronte
449 2847 640 2915 dicam,
689 2846 925 2900 veritatis
979 2845 1145 2900 oratio
1199 2846 1443 2916 simpleX,
1509 2863 1574 2901 ex
1625 2844 1813 2899 schola
