2066 3276
258 237 329 290 32
813 219 912 278 Lib.
945 234 978 277 Ι.
1041 225 1286 289 Epimeles.

259 368 379 420 ris:
433 367 575 419 lasar
613 365 667 417 in
707 365 999 433 spatiosum
1040 365 1290 418 doliolum
1331 367 1554 419 vitreum
1596 366 1756 418 mittis
1799 372 1850 419 et

258 441 475 494 nucleos
529 438 735 510 [pineos
783 444 839 491 ut
877 437 1023 509 puta]
1077 439 1264 505 viginti
1317 457 1539 506 cumque
1596 440 1846 492 utendum

257 514 414 571 fuerit
449 514 642 579 130310,
681 514 900 566 nucleos
942 516 1200 565 conteres.
1246 513 1383 579 exin,
1428 515 1471 565 si
1510 514 1606 579 vis,
1651 514 1850 565 inrora-

258 589 338 641 bis
370 588 425 639 in
458 603 680 654 sapores
733 591 784 639 et
816 590 1019 638 tantum
1052 603 1269 639 numero
1304 587 1612 640 nucleorum
1653 586 1850 639 doliolo

258 665 575 715 reserentur.

375 735 457 787 14.
498 734 582 786 Ut
621 733 853 786 dulcia
892 733 1096 786 melle
1138 732 1255 785 diu
1289 733 1569 785 durent:
1612 734 1846 801 accipies

260 807 404 878 quod
443 808 636 861 Graeci
675 807 855 860 dicunt
893 804 1079 877 πηνίον
1120 811 1171 859 01
1208 806 1375 860 130100
1409 806 1633 859 farinam
1670 812 1722 860 01
1755 807 1847 860 ad-

259 883 452 936 misces
488 898 603 935 cum
637 882 794 934 melle
824 886 875 934 01
901 886 1142 948 tempore
1172 897 1273 949 quo
1301 881 1479 933 dulcia
1505 881 1738 933 facturus
1777 898 1849 934 00.

376 956 459 1011 15.
498 956 583 1008 Ut
620 956 751 1008 mel
776 955 1014 1007 malum
1045 957 1283 1008 bonum
1316 954 1570 1007 facias:
1612 955 1717 1007 mel
1744 972 1850 1007 ma-

258 1031 367 1083 lum
407 1032 601 1084 bonum
634 1029 802 1083 facies
826 1028 898 1081 ad
924 1028 1280 1095 vendendum,
1310 1046 1467 1082 unam
1494 1033 1700 1099 partem
1728 1029 1852 1081 mali

263 1109 315 1159 et
354 1103 487 1158 duas
529 1104 655 1157 boni
694 1104 739 1156 si
779 1103 933 1156 simul
970 1103 1259 1157 miscueris,

376 1180 459 1232 16.
501 1178 635 1231 Mel
660 1182 1069 1248 *corruptum
1103 1181 1170 1229 ut
1197 1178 1472 1247 probes:
1519 1175 1745 1229 elenium
1772 1176 1848 1229 in-

260 1252 453 1306 fundes
473 1253 528 1304 in
548 1252 704 1305 melle
727 1257 778 1305 01
810 1251 1082 1317 iuccndes,
1116 1251 1156 1303 si
1187 1251 1545 1322 incorruptum
1571 1255 1666 1317 est,
1694 1251 1849 1303 lucet.

375 1328 458 1381 17.
499 1327 689 1380 Uvae
729 1331 796 1378 ut
835 1325 948 1377 diu
991 1330 1392 1378 serventur:
1445 1324 1680 1395 accipies
1720 1340 1851 1377 uvas

263 1399 331 1455 de
369 1402 475 1455 vite
506 1400 723 1455 illaesas
757 1404 808 1453 et
840 1416 1032 1469 aquam
1059 1399 1324 1452 fiuvialem
1363 1398 1433 1451 ad
1458 1394 1654 1451 'tertias
1695 1398 1851 1452 deco-

264 1563 397 1609 exin
430 1560 583 1607 cibis
611 1560 920 1605 miraberis
947 1561 1003 1604 in

258 1634 506 1678 sapores
540 1621 675 1665 codd.
706 1621 838 1675 Casp.
859 1619 1005 1663 Barth

257 1695 350 1726 non
381 1681 500 1725 male
531 1680 707 1724 invenit
725 1680 855 1731 „exin
874 1679 1004 1723 indes

260 1741 399 1792 cibis,
467 1740 705 1783 miraberis
767 1742 1005 1794 sapores“,

258 1800 378 1844 malo
410 1804 572 1843 contra
601 1799 734 1842 Hum.
770 1803 847 1849 „et
877 1798 922 1840 10
947 1797 1006 1840 01-

257 1860 345 1905 bos
377 1858 591 1903 miscebis
624 1862 671 1902 01
702 1858 747 1900 10
772 1860 1006 1912 sapores“.

258 1919 382 1963 idem
431 1931 731 1962 numerum
787 1916 1002 1960 correxit.

161 1985 172 1994 ’
259 1978 321 2022 ad
351 1990 502 2021 meum
534 1977 603 2029 „si
635 1977 733 2020 vis“
769 1974 824 2020 cf.
860 1976 899 2019 9.
937 1975 1004 2017 17.

259 2038 328 2081 27.
361 2036 432 2080 43.
467 2036 566 2080 334.
602 2039 650 2080 01
682 2034 882 2078 10113000
901 2035 1003 2077 281.

260 2096 322 2139 ad
355 2095 637 2148 ,‚inrorabis“
672 2107 790 2150 quae
814 2094 876 2137 ad
894 2093 1007 2137 Gar-

259 2155 340 2211 gil.
374 2167 466 2198 cur.
498 2155 640 2199 boum
674 2154 742 2196 23.
779 2153 886 2198 dixi.

350 2213 412 2256 ad
459 2213 528 2258 14.
592 2212 794 2256 dulcia
835 2211 1007 2256 melle

263 2286 319 2317 ex
336 2276 378 2324 β.
401 2272 607 2316 (101013
627 2271 864 2315 10011310
884 2270 1011 2326 quin-

262 2345 366 2388 que,
410 2331 462 2375 d.
510 2331 579 2375 de
618 2331 795 2374 mella
838 2330 909 2373 ed.
943 2343 1010 2385 pr.

264 2390 457 2443 ‚‚melle“
503 2395 576 2434 est
607 2390 841 2434 ablativus
874 2389 1013 2444 origi-

261 2450 347 2494 nis.
381 2450 460 2506 qui
485 2450 533 2493 in
566 2449 739 2505 „pulpa
756 2451 1010 2503 petasone“

265 2510 367 2553 203.
401 2509 580 2561 ,,001101
611 2507 763 2552 ferro“
811 2519 885 2562 ap.
927 2507 1012 2551 Pe-

261 2572 384 2612 tron.
416 2568 483 2611 70.
520 2580 707 2620 „currus
724 2571 866 2610 auro“
900 2566 1012 2610 Pro-

261 2631 378 2683 pert.
429 2628 471 2679 2,
520 2628 575 2671 23
642 2628 710 2669 ll.
761 2650 816 2657 —-
859 2629 1014 2676 πηνίον

263 2686 438 2731 emend.
465 2699 549 2742 pro
567 2660 739 2729 sssano
767 2683 1011 2729 nechon.

264 2750 335 2790 est
366 2759 477 2790 vero
510 2743 725 2789 fermenti
756 2757 838 2788 seu
870 2741 1013 2787 130010

263 2817 409 2860 genus
452 2805 578 2861 quod
621 2817 787 2860 panem
819 2802 1013 2846 tumefa-

264 2864 358 2908 ciat
389 2868 437 2909 et
468 2864 705 2916 extendat,
748 2862 869 2916 ζύμη,
901 2862 1010 2902 ἄνα»

1095 1563 1193 1601 νέον
1207 1559 1399 1617 ἆφρῶὸες
1417 1559 1604 1616 Didymi
1633 1558 1845 1615 Geopon.

1096 1622 1137 1670 2,
1179 1621 1250 1671 33,
1299 1624 1350 1663 ut
1396 1621 1458 1663 sit
1506 1619 1845 1670 fermentacius,

1096 1678 1332 1723 fermentis
1365 1677 1618 1728 confectus,
1659 1678 1732 1721 cui
1766 1691 1846 1733 op-

1096 1739 1286 1794 ponitur
1328 1750 1516 1795 azymus
1549 1737 1720 1789 εῗζυμος,
1764 1737 1846 1779 Isi—

1099 1797 1196 1841 dor.
1233 1797 1303 1848 20,
1337 1798 1378 1847 2,
1415 1798 1480 1840 15.
1531 1794 1586 1839 cf.
1628 1795 1690 1838 ad
1731 1794 1842 1840 Gar-

1099 1857 1178 1912 gil.
1215 1857 1280 1899 19.
1315 1869 1358 1911 p.
1377 1856 1447 1898 36.
1483 1881 1536 1885 -—
1571 1868 1636 1899 eo
1671 1860 1842 1909 temp.

1097 1929 1167 1971 cp.
1201 1929 1269 1970 pr.
1304 1915 1439 1959 Hum.

1185 1974 1246 2018 ad
1290 1975 1358 2017 15.
1419 1972 1847 2017 comedendum

1098 2034 1206 2077 olim
1222 2046 1336 2077 corr.
1350 2046 1434 2088 pro
1457 2046 1564 2077 ven
1579 2032 1646 2076 de
1662 2045 1691 2074 0
1710 2031 1777 2074 du
1792 2045 1850 2082 m,

1096 2106 1152 2137 00
1195 2093 1244 2136 id
1285 2093 1347 2136 sit
1387 2092 1624 2147 indignum
1656 2090 1851 2145 Apicio.

1099 2177 1152 2184 —
1171 2152 1220 2195 si
1253 2152 1473 2195 omittunt-
1491 2152 1707 2207 quinque,
1739 2162 1853 2204 pae-

1097 2224 1154 2255 00
1186 2211 1459 2265 absorptum
1491 2210 1536 2252 in
1559 2210 1660 2254 cod.
1678 2212 1720 2260 β.
1756 2210 1782 2253 b
1806 2222 1854 2253 o-

1102 2270 1191 2314 nis
1210 2269 1265 2313 cf.
1291 2270 1387 2312 125.
1425 2269 1474 2312 01
1500 2282 1667 2312 00310
1695 2267 1764 2311 ed.
1785 2281 1852 2322 pr.

1191 2329 1252 2371 ad
1288 2329 1353 2371 16.
1394 2328 1684 2371 inlunium
1706 2327 1751 2369 in
1772 2339 1853 2370 sex

1103 2388 1238 2432 codd.
1273 2387 1577 2431 helenium
1610 2386 1682 2430 ed.
1712 2399 1779 2441 pr.
1798 2386 1852 2428 H.

1103 2446 1158 2491 cf.
1205 2449 1244 2490 5.
1292 2446 1404 2490 alibi
1438 2446 1636 2497 ,‚inula“‚
1682 2445 1852 2497 ἦνουλα.

1191 2506 1252 2550 ad
1302 2506 1369 2548 17.
1418 2505 1509 2550 Sex
1557 2505 1686 2549 cod.:
1747 2515 1854 2547 vas

1102 2565 1291 2621 picem
1335 2567 1441 2619 (om.
1476 2581 1512 2620 γ.
1548 2563 1749 2619 picari
1781 2562 1854 2607 ed.

1104 2639 1170 2680 pr.
1191 2625 1267 2678 H.)
1300 2625 1605 2679 varspicem
1628 2637 1710 2668 seu
1734 2634 1854 2667 ves-

1103 2685 1294 2739 picem
1329 2696 1429 2728 esse
1462 2684 1559 2727 vidi
1591 2696 1647 2727 ex
1676 2681 1851 2727 Colum.

1106 2747 1175 2795 12,
1207 2743 1278 2795 47,
1313 2744 1354 2787 2.
1389 2748 1438 2786 et
1467 2743 1584 2786 Plin.
1605 2742 1673 2792 15,
1695 2741 1750 2783 66
1782 2740 1851 2783 67.

1104 2800 1351 2847 frutectum
1396 2802 1587 2846 densum
1629 2800 1775 2853 (Fest.
1808 2812 1851 2853 p.

1103 2862 1204 2918 369,
1234 2862 1310 2916 3.),
1342 2861 1536 2905 aliorum
1553 2859 1752 2904 vibicem
1785 2862 1855 2914 (ut
