2066 3276
728 228 828 277 Lib.
861 228 960 274 VII.
995 226 1232 274 Politeles,
1688 225 1790 280 139

200 363 407 433 origani
440 363 698 434 scripulos
719 363 807 416 VI.
853 361 1044 431 ciperis
1072 360 1334 430 scripulos
1352 360 1441 413 VI.
1473 358 1605 413 costi
1625 358 1791 412 modi-

200 457 335 506 cum,
382 438 566 510 piretri
606 437 863 505 scripulos
905 438 1000 490 III.
1041 436 1142 520 api
1161 435 1376 489 seminis
1410 434 1672 503 scripulos
1699 434 1789 486 VI.

197 513 400 585 piperis
434 512 693 579 scripulos
720 512 842 564 XII.
873 510 1173 577 liquaminls
1209 514 1261 562 et
1289 508 1391 561 olei
1414 510 1557 574 quod
1579 506 1789 561 sufficit.

312 588 433 640 273.
476 586 643 638 Aliter
682 590 978 637 assaturas:
1020 583 1207 636 mirtae
1238 583 1416 636 siccae
1456 585 1649 636 bacam
1703 598 1791 634 ex-

198 664 546 729 temperatam
590 676 706 712 cum
748 658 957 724 cimino,
1012 658 1216 728 pipere,
1259 657 1434 722 melle,
1484 655 1788 722 liquamine,

198 734 421 788 defricto
453 738 504 786 et
532 733 651 786 oleo
680 738 820 786 teres
850 737 901 784 et
926 731 1072 785 ferve
1099 730 1297 784 factum
1327 730 1547 782 amolas,
1577 746 1793 783 carnem

198 809 393 862 elixam
433 806 546 860 sale
601 808 935 860 subassatam
994 804 1286 876 perfundis.
1342 803 1497 872 piper
1548 802 1795 872 aspargis

199 887 250 936 et
287 881 502 934 inferes

310 956 432 1008 274.
476 954 643 1006 Aliter
681 957 979 1006 assaturas:
1032 951 1235 1022 piperis
1288 951 1548 1021 scripulos
1588 950 1679 1003 VI.
1734 949 1792 1001 li-

196 1028 372 1096 gistici
425 1028 684 1096 scripulos
739 1028 827 1079 VI.
895 1026 1189 1094 petrosilini
1244 1025 1506 1093 scripulos
1557 1024 1647 1076 VI.
1704 1023 1816 1097 apid

196 1102 411 1157 seminis
463 1102 725 1170 scripulos
779 1102 868 1153 VI.
939 1100 1081 1153 aneti
1135 1099 1395 1168 scripulos
1448 1099 1537 1151 VI.
1604 1097 1793 1151 lasaris

196 1177 393 1230 radicis
443 1176 702 1244 scripulos
741 1176 831 1228 VI.
888 1191 1110 1227 asa-reos
1163 1174 1425 1244 scripulos
1465 1173 1554 1225 VI.
1612 1171 1795 1242 piretri

196 1251 478 1319 modicum,
522 1250 715 1318 ciperis
757 1249 1018 1319 scripulos
1059 1248 1148 1300 VI.
1208 1248 1351 1300 carei
1404 1246 1664 1314 scripulos
1703 1246 1792 1298 VI.

201 1325 378 1378 cimini
420 1324 682 1392 scripulos
722 1325 812 1376 VI.
856 1322 1150 1390 gingiberis
1194 1321 1455 1391 scripulos
1495 1321 1585 1373 VI.
1628 1320 1796 1386 liqua-

198 1399 353 1452 minis
398 1399 641 1463 eminam,
687 1397 789 1450 olei
829 1396 1181 1450 acetabulum.

313 1474 380 1525 27
389 1472 435 1526 5.
482 1474 738 1525 Assatura
777 1472 891 1524 sine
933 1471 1111 1524 colore
1155 1470 1382 1523 elixatur
1417 1474 1469 1522 et
1506 1467 1799 1520 infunditur

196 1545 253 1599 in
316 1546 494 1599 fretali
552 1546 722 1616 piper,
766 1544 1174 1609 condimentum,
1232 1545 1354 1609 mel,
1408 1543 1680 1609 liquamen
1747 1547 1799 1594 et

199 1621 441 1673 attoritur
480 1621 533 1671 in
576 1620 785 1672 clibano
817 1634 1090 1685 quousque
1131 1622 1402 1684 coquatur.
1448 1616 1641 1670 elixam
1669 1632 1795 1669 vero

200 1695 440 1748 colorare
482 1694 526 1747 si
576 1694 742 1759 voles,
798 1693 913 1746 sine
968 1691 1248 1745 conditura
1300 1708 1454 1745 assas
1510 1694 1562 1743 et
1613 1706 1796 1743 sucum

202 1768 444 1823 callicum
484 1767 775 1839 perfundis.

1044 1933 1193 1984 γίβερι,
1235 1927 1466 1983 κιννάβαρι,
1509 1930 1672 1981 πέπερι.
1717 1925 1797 1970 Isi-

288 1930 348 1974 ad
396 1931 494 1974 273.
568 1933 919 1985 extempera
938 1954 953 1960 -

1046 1988 1162 2032 doro
1199 1988 1267 2039 17,
1301 1989 1342 2038 9,
1378 1988 1413 2029 7.
1450 1987 1623 2030 virtute
1650 1985 1796 2029 nardo

197 1994 315 2033 tam
349 2002 405 2034 ex
437 2002 531 2045 par.
565 2003 649 2045 pro
684 1993 953 2033 extente-

197 2053 389 2093 ratum
424 2048 560 2093 codd.
595 2052 643 2093 et
671 2053 859 2092 exent.
880 2048 950 2092 ed.

199 2122 265 2163 pr.
313 2106 369 2152 cf.
414 2107 486 2151 43.
533 2133 584 2138 —
632 2107 729 2151 sale
767 2113 814 2152 et
847 2108 952 2151 oleo

201 2172 386 2212 assatur
411 2168 509 2209 111.
546 2166 649 2210 coll.
674 2166 769 2209 114.
806 2166 862 2210 cf.
882 2167 950 2209 58.

202 2226 353 2270 oleum
388 2239 470 2281 per
502 2239 553 2269 se
585 2226 884 2281 intellegitur.

290 2286 351 2329 ad
384 2285 485 2328 274.
520 2285 892 2339 petrosileni
925 2289 954 2333 β

201 2344 273 2388 ed.
309 2358 375 2399 pr.
411 2349 459 2388 et
492 2344 593 2387 cod.
614 2342 640 2382 ὃ
673 2345 750 2399 qui
781 2344 840 2387 ab
865 2343 955 2387 hoc

200 2403 305 2446 loco
356 2402 699 2458 petrosilin.
764 2403 954 2458 pingere

200 2466 341 2505 amat.
380 2487 432 2493 —
468 2474 665 2505 semen
709 2487 761 2490 „-
802 2461 954 2504 radi-

201 2534 321 2564 cem
366 2521 411 2563 in
454 2533 534 2563 sex
578 2525 626 2564 et
669 2520 739 2564 ed.
784 2534 851 2576 pr.
898 2547 949 2550 —

198 2592 480 2623 assareos
514 2579 560 2621 in
594 2580 792 2635 quinque
817 2583 864 2623 et
881 2579 951 2623 ed.

198 2652 265 2694 pr.
302 2639 401 2682 363.
437 2638 483 2681 in
526 2643 725 2693 quatuor
757 2651 953 2682 asere-

200 2711 279 2748 os,
323 2698 368 2740 in
403 2696 453 2752 γδ
484 2709 705 2741 aseros.
752 2698 818 2741 sic
860 2710 953 2740 am-

198 2770 331 2801 meos
365 2757 434 2800 29.
469 2756 782 2800 nominativus
824 2757 952 2812 plan-

200 2820 277 2860 tae
311 2816 388 2871 qui
419 2828 539 2859 nunc
571 2819 643 2859 est
659 2816 822 2871 ἄσαρον
854 2820 954 2860 erat

201 2875 310 2919 olim
343 2874 482 2919 etiam
514 2875 649 2931 ἅσαρι,
683 2879 734 2918 ut
767 2879 838 2919 est
862 2875 950 2931 ζιγ-

1045 2048 1193 2092 simile
1231 2052 1317 2097 est,
1358 2046 1483 2102 quod
1526 2058 1554 2088 a
1584 2045 1796 2089 Dioscor.

1047 2109 1087 2158 1,
1120 2108 1159 2150 9.
1210 2112 1257 2151 et
1299 2106 1417 2152 Plin.
1466 2107 1535 2156 12,
1577 2105 1648 2147 47.
1691 2103 1796 2148 coll.

1046 2168 1117 2217 21,
1151 2167 1221 2210 30.
1257 2165 1413 2209 habet.
1447 2164 1555 2208 hod.
1576 2163 1645 2207 as.
1667 2177 1798 2208 euro-

1045 2238 1227 2281 paeum.
1265 2250 1315 2254 —
1353 2224 1585 2280 gengib.
1617 2228 1660 2274 ῥ’.
1694 2224 1796 2266 272.

1134 2285 1195 2327 ad
1233 2284 1329 2327 275⁴
1369 2296 1479 2326 corr,
1530 2296 1554 2326 e
1595 2282 1798 2338 vestigio

1046 2343 1147 2386 cod.
1182 2342 1653 2394 ss.assat11rasin
1687 2341 1797 2385 eol-

1045 2402 1173 2446 lare
1222 2406 1269 2445 et
1322 2402 1582 2445 necessario
1633 2401 1797 2445 colo-

1042 2474 1176 2508 rare
1219 2474 1302 2516 pro
1349 2460 1600 2511 collare,
1649 2459 1796 2503 simile

993 2536 1002 2543 ²
1045 2521 1207 2563 vitium
1249 2519 1415 2563 sustuli
1444 2520 1542 2562 287.
1586 2519 1795 2562 emende-

1045 2584 1120 2623 tur
1153 2584 1203 2622 ut
1235 2579 1279 2622 in
1314 2579 1471 2622 multis
1503 2578 1701 2622 lexicon.
1743 2603 1793 2606 —-

1045 2638 1094 2681 fr
1105 2638 1163 2694 esst
1178 2637 1231 2681 al
1243 2652 1266 2682 e
1300 2637 1569 2685 frictorium2
1588 2641 1795 2692 sartago,

1045 2702 1096 2741 ut
1159 2697 1326 2741 fretum
1397 2696 1700 2740 derivandum
1768 2708 1797 2738 a

1045 2755 1227 2811 πρὴθειν
1257 2756 1435 2800 braten.
1457 2780 1511 2787 —
1546 2755 1793 2799 condim.

1045 2815 1115 2860 56.
1148 2841 1200 2845 ——
1234 2815 1532 2859 atteritur
1565 2813 1795 2858 coddat-

1045 2878 1275 2919 toretur
1306 2874 1362 2918 H.
1398 2873 1455 2918 cf.
1485 2874 1580 2917 122.
1617 2873 1713 2917 136.
1742 2898 1792 2904 ἡ
