2066 3276
301 240 374 294 46
831 239 930 285 Lib.
962 241 1023 289 Π.
1082 240 1347 298 Sarcoptes.

301 377 512 439 vocant,
565 390 630 426 ac
683 372 941 440 deinceps
993 374 1223 426 amolum
1272 373 1502 427 infusum
1549 374 1750 428 adicies
1799 376 1886 429 vel

303 449 479 499 orizae
518 463 716 499 sucum.
753 451 806 499 et
832 447 974 499 lento
1001 447 1114 514 igni
1139 447 1350 501 fervere
1378 447 1547 501 facias
1578 449 1883 501 amolatum.

411 520 497 572 52.
540 520 731 573 Aliter:
795 521 1005 573 ossucla
1057 520 1281 588 depolis
1338 523 1634 588 exbromaS,
1692 521 1887 575 deinde

299 592 460 646 mittis
508 593 562 645 in
615 594 905 647 caccabum
953 610 1158 662 porrOS,
1224 599 1452 660 anetum,
1512 596 1695 648 salem.
1766 613 1885 648 cum

301 671 453 721 cocta
490 666 700 734 fuerint,
740 667 942 721 adicies
980 667 1150 736 piper,
1192 669 1291 744 api
1320 685 1520 735 semen,
1563 669 1759 723 deinde
1785 669 1884 721 ori-

300 799 370 842 13.
415 811 517 843 cum
557 798 654 844 Ian.
692 798 754 843 ad
784 800 828 851 3,
862 800 932 851 19,
965 800 1040 852 2.),

297 857 431 903 Varr.
468 859 506 910 l,
538 858 609 909 59,
645 859 684 902 1.
715 858 831 902 Plin.
869 859 937 909 15,
971 859 1039 903 60.

298 918 370 969 21,
416 917 512 960 162.
558 922 749 961 cottana
790 918 857 968 13,
890 919 960 961 51.
995 922 1043 962 et

299 976 354 1020 Τ.
389 977 427 1019 1.
459 989 503 1031 p.
537 975 609 1028 40,
649 976 724 1020 lin.
770 977 808 1020 6.
843 977 1038 1020 Martial.

299 1035 339 1086 7,
371 1035 443 1087 53,
477 1035 514 1078 7.
552 1036 622 1087 13,
662 1036 732 1079 28.
776 1041 974 1079 coctana
1014 1048 1043 1080 a

298 1093 415 1138 Stat.
459 1093 560 1138 silv,
602 1094 645 1146 4,
687 1095 727 1138 9.
772 1095 844 1139 28.
885 1095 1043 1151 sicque

295 1152 479 1198 variant
510 1153 615 1198 libri
646 1153 744 1198 Cat.
786 1154 878 1198 133.
911 1154 1042 1199 Iuve-

295 1211 386 1256 nal.
430 1213 472 1259 3.
505 1212 574 1256 83.
609 1217 661 1257 ut
696 1213 865 1257 nostri:
911 1226 1042 1257 coc·

295 1271 501 1316 tomiis
542 1269 637 1327 βγδ.
683 1272 955 1317 cotoniis
995 1289 1041 1317 π.

297 1330 571 1375 cotoneis
627 1330 698 1374 ed.
757 1344 822 1386 pr.
872 1336 1041 1376 coto-

295 1390 424 1434 miis
457 1392 526 1432 θκ.
572 1390 869 1434 coctoniis
903 1390 933 1438 ζ.
984 1389 1033 1435 cf

294 1449 474 1493 lattuca
503 1449 550 1492 in
581 1449 733 1493 Edict.
766 1449 966 1493 Dioclet.
1001 1450 1042 1502 6,

296 1508 335 1552 7.
378 1507 620 1552 Vectidius
651 1507 902 1560 Vettidius‚
948 1507 1042 1553 Ac-

295 1567 387 1611 tius
438 1566 602 1611 Attius
650 1571 697 1611 et
738 1568 936 1623 interpp.
981 1567 1043 1612 ad

293 1626 419 1671 Pers.
458 1627 496 1676 1,
530 1626 601 1669 50.
633 1626 675 1678 4,
709 1627 779 1669 25.
816 1651 869 1656 —
904 1638 1041 1670 cau·

293 1697 490 1729 narum
539 1697 652 1728 corr.
711 1698 796 1740 pro
848 1697 1039 1729 cama-

293 1757 427 1795 rum,
460 1755 818 1796 cammarum,
863 1745 1039 1788 cami-

293 1815 492 1847 narum
539 1808 597 1846 et
642 1803 773 1846 Hum.
824 1803 1039 1846 carica-

293 1875 424 1906 rum.
468 1859 582 1906 ficus
615 1874 830 1906 cauneae.
872 1861 1041 1916 ἰσχάδες

295 1923 476 1961 Καυνίαι
507 1934 535 1964 a.
559 1921 716 1965 Cauno
741 1922 905 1965 Cariae
928 1921 1039 1966 urbe

293 1993 461 2025 nomen
533 1980 755 2024 ducentes
833 1980 1036 2035 <Forbig.

294 2039 465 2095 Geogr.
494 2039 549 2082 II.
584 2052 627 2093 p.
650 2040 750 2083 223.
771 2040 876 2092 224)
908 2044 1040 2083 erant

289 2099 465 2154 nigrae,
504 2099 706 2142 siccatae
736 2098 936 2153 indeque
967 2111 1039 2141 ru-

290 2169 436 2214 gosae
477 2161 525 2201 et
566 2157 640 2200 vel
672 2157 882 2211 integrae
914 2170 1040 2212 pres·-

291 2229 370 2261 sae
387 2215 461 2260 vel
481 2215 688 2271 duplices
707 2216 874 2269 (Edict.
890 2216 1037 2259 Diocl.

291 2276 332 2327 6,
375 2275 448 2319 85.
491 2276 595 2329 88),
646 2276 884 2330 „exiguae‚
926 2287 1039 2330 quas

289 2333 518 2390 Aquitani
551 2339 598 2378 et
620 2334 936 2378 Provinciales
960 2347 1039 2377 vo-

291 2398 399 2437 cant
422 2393 666 2445 melecas“,
713 2393 933 2449 Scaliger.
982 2392 1044 2436 ad

291 2452 411 2497 Cels.
455 2453 499 2503 5,
540 2454 613 2502 21,
657 2453 695 2494 1.
738 2453 892 2495 vinum
935 2451 1043 2495 inde

290 2509 551 2556 confectum
586 2511 859 2555 decoctione
891 2511 937 2553 in
964 2510 1042 2554 de-

290 2568 401 2615 fruti
443 2571 750 2614 substantiam
803 2569 1042 2614 redactum

288 2629 548 2675 vocabatur
588 2630 759 2686 sycites
803 2629 936 2684 (Plin.
973 2630 1042 2679 14,

292 2689 390 2733 102.
436 2689 592 2732 Diosc.
625 2689 667 2739 5,
698 2688 804 2740 41.).
849 2687 907 2731 de
949 2687 1042 2731 illis

291 2746 350 2792 cf.
393 2747 589 2803 interpp.
634 2746 696 2791 ad
736 2747 940 2791 Macrob.
983 2746 1039 2790 ΙΙ.

288 2820 333 2864 p.
375 2807 476 2851 354.
509 2806 613 2850 355.
657 2830 712 2839 -
756 2806 1041 2850 admiscis

289 2870 343 2915 ut
375 2866 587 2919 „miscis“
619 2878 762 2923 saepe
793 2866 839 2909 in
870 2865 1041 2909 nostris

1131 813 1216 855 pro
1235 800 1456 852 „misces“
1475 805 1523 845 et
1547 801 1771 853 „misces“
1795 814 1880 857 pro

1134 859 1424 911 „miscebis“.
1468 860 1535 904 sic
1568 864 1615 905 et
1646 860 1758 904 alibi
1790 866 1883 904 ter-

1132 918 1225 962 tiae
1269 924 1375 962 sunt
1414 919 1755 976 coniugationis
1788 924 1883 963 tor-

1132 990 1247 1029 rere,
1294 976 1487 1030 fervere,
1535 979 1737 1029 sorbere,
1783 977 1883 1022 dul-

1134 1049 1252 1088 cere,
1296 1036 1506 1087 stridere,
1547 1036 1739 1092 fulgere.
1786 1050 1883 1081 car-

1133 1108 1242 1151 pere
1275 1100 1437 1140 contra
1473 1096 1569 1140 151.
1597 1098 1883 1152 abstergere,

1133 1154 1414 1210 abstergebo
1447 1167 1520 1212 ap.
1554 1155 1703 1211 ipsum
1738 1155 1882 1200 Cicer.

1133 1213 1194 1257 ad
1226 1213 1377 1266 Quint.
1411 1214 1484 1258 Fr.
1520 1216 1561 1266 2,
1598 1215 1663 1258 10.
1699 1212 1757 1258 cf.
1804 1214 1882 1259 Se-

1133 1285 1229 1316 nec.
1264 1273 1315 1317 N.
1352 1272 1402 1325 Q.
1437 1275 1478 1323 2,
1496 1273 1567 1317 56.
1603 1272 1806 1318 Ochsner
1822 1273 1884 1318 ad

1135 1331 1389 1376 Chrestom.
1436 1332 1528 1376 Cic.
1577 1346 1621 1387 p.
1668 1333 1734 1375 16.
1779 1332 1884 1377 489.

1134 1390 1334 1446 interpp.
1368 1391 1430 1434 ad
1461 1392 1642 1435 Lucret.
1675 1392 1718 1443 3,
1751 1391 1820 1434 22.
1839 1390 1882 1443 5,

1136 1450 1263 1493 1093.
1297 1449 1482 1494 Lachm.
1510 1451 1573 1494 ad
1590 1450 1631 1503 5,
1652 1450 1750 1494 768.
1784 1450 1881 1494 Hil-

1134 1508 1260 1552 debr.
1295 1508 1357 1552 ad
1388 1508 1532 1565 Apul.
1566 1510 1605 1553 1.
1637 1522 1681 1565 p.
1709 1509 1806 1552 101.
1827 1534 1881 1540 -

1133 1580 1216 1612 ac.
1280 1580 1417 1613 acce
1479 1568 1614 1612 codd.
1677 1568 1882 1624 accipe

1133 1626 1205 1671 ed.
1239 1639 1305 1681 pr.

1220 1685 1281 1729 ad
1298 1686 1369 1729 52.
1401 1685 1608 1741 Vulgata
1636 1689 1708 1730 est
1740 1685 1879 1730 ossi-

1131 1744 1261 1788 cula
1319 1744 1384 1789 de
1431 1745 1619 1800 pullis
1666 1757 1877 1799 expro-

1129 1815 1244 1846 mas
1277 1815 1395 1858 quae
1436 1803 1611 1848 diceret
1660 1804 1877 1859 „pulpam

1128 1862 1359 1917 pullorum
1393 1869 1657 1918 carptorum
1679 1863 1814 1907 mitte
1831 1863 1877 1905 in

1130 1921 1376 1965 caccabum
1421 1934 1522 1965 cum
1561 1922 1736 1977 porris“
1789 1925 1877 1965 cet.

1130 1980 1352 2024 debemus
1408 1992 1507 2023 eam
1564 1980 1751 2024 librario
1801 1980 1879 2036 qui
1953 2004 1957 2009 -

1130 2039 1463 2083 vocabulorum
1524 2040 1637 2083 artis
1694 2039 1882 2095 ignarus

1131 2103 1246 2142 erat.
1289 2098 1529 2142 osuccla
1559 2112 1594 2142 s.
1618 2097 1883 2142 ossicula

1130 2161 1238 2201 sunt
1265 2157 1424 2201 Nostri
1454 2162 1489 2209 ξ.
1513 2158 1555 2204 1.
1588 2157 1883 2214 dactylorum

1131 2228 1240 2259 ossa
1282 2220 1348 2269 (et
1389 2215 1567 2259 Pallad.
1615 2218 1685 2266 11,
1730 2218 1798 2267 12,
1844 2217 1881 2258 1.

1129 2274 1329 2318 Marcell.
1364 2275 1495 2330 Emp.
1518 2275 1586 2318 15.
1619 2273 1700 2318 fol.
1722 2275 1819 2318 106.
1834 2274 1881 2319 b.

1130 2334 1437 2389 palmularum
1523 2345 1597 2388 ap.
1689 2333 1880 2378 Sueton.

1134 2393 1294 2437 Claud.
1329 2394 1370 2436 8.
1405 2393 1508 2436 coll.
1542 2392 1660 2436 Plin.
1694 2394 1765 2444 23,
1790 2393 1882 2445 98.)

1133 2464 1162 2495 a
1194 2452 1451 2507 quibusque
1494 2451 1564 2495 ius
1596 2451 1750 2507 tangit
1780 2451 1881 2495 378.

1132 2511 1238 2554 379.
1272 2510 1378 2554 coll.
1414 2511 1514 2554 253.
1566 2511 1717 2555 nuclei
1759 2510 1883 2555 ossei

1133 2570 1233 2614 coci
1255 2568 1493 2614 >nuciferae
1524 2569 1621 2612 Lin.
1645 2569 1723 2625 qui
1743 2569 1883 2624 plane

1132 2629 1301 2673 maturi
1340 2633 1388 2672 et
1431 2632 1586 2673 aetate
1618 2628 1881 2683 provectio-

1131 2701 1205 2733 res
1238 2688 1391 2739 oleum
1423 2687 1610 2731 nimium
1636 2687 1883 2742 sapiebant

1131 2752 1274 2803 atque
1306 2746 1367 2790 ad
1400 2759 1613 2802 saporem
1645 2746 1881 2789 rancidum

1132 2806 1381 2851 delendum
1419 2804 1706 2856 infundendi,
1748 2816 1879 2860 prae-

1131 2869 1262 2909 terea
1324 2862 1639 2910 excorticandi
1690 2869 1737 2908 et
1783 2862 1880 2908 fere
