2066 3276
804 276 905 322 Lib.
936 275 970 321 I.
1032 274 1278 332 Epimeles.
1773 273 1844 328 35

252 417 303 466 et
327 381 330 385 ”
355 411 660 480 conpositas
707 409 904 479 perdes
956 409 1143 462 mirtae
1204 409 1353 463 bacis
1407 425 1526 462 cum
1579 407 1739 461 melle
1792 411 1845 460 et

250 491 422 539 aceto,
501 485 694 538 Aliter:

750 483 938 552 senapi
976 488 1233 551 tempera,
1287 483 1462 550 melle,
1517 487 1688 549 acet0,
1730 481 1864 535 sale*

252 565 304 614 et
342 575 501 628 super
541 559 844 627 conpositas
883 574 1043 625 rapas
1082 556 1320 611 infunde.

363 635 448 687 25.
490 633 758 686 Tubera
793 636 860 684 ut
893 631 1008 683 diu
1042 637 1441 684 serventur:
1485 631 1676 684 tubera
1705 645 1843 696 quae

250 725 390 775 aqua
428 724 532 761 non
570 706 883 759 vexaverint
916 705 1174 772 conponis
1201 705 1255 756 in
1282 722 1377 757 vas
1406 704 1641 770 alternis,
1682 705 1840 757 alter-

251 782 331 835 nis
352 783 568 835 scobem
579 780 776 833 siccam
793 779 951 830 mittis
963 783 1014 831 et
1034 779 1218 846 gipsas
1236 784 1288 831 et
1307 780 1426 831 loco
1442 777 1638 845 frigido
1654 794 1841 846 pones.

362 855 449 907 26.
492 853 840 907 Duracina
867 852 1152 920 persica
1176 857 1244 904 ut
1278 852 1396 904 diu
1431 851 1708 905 durent:
1752 851 1842 906 eli-

250 928 359 995 gito
402 928 599 997 optima
640 932 692 980 et
729 926 876 979 mitte
914 926 969 978 in
1007 926 1246 992 muriam,
1288 930 1503 994 postero
1545 925 1633 979 die
1668 926 1844 980 exime

251 1008 302 1056 et
341 1001 683 1071 spongizabis
724 1001 1006 1068 diligenter
1047 1004 1100 1053 et
1139 1001 1428 1054 collocabis
1467 1000 1522 1052 in
1561 1016 1674 1067 vaS,
1727 999 1844 1052 fun-

250 1075 346 1130 des
385 1077 567 1142 salem,
608 1079 833 1141 acetum,
874 1074 1175 1129 satureiam.

363 1152 449 1203 27.
512 1149 754 1204 Olivas
806 1148 1078 1202 virides
1130 1165 1419 1203 servare
1473 1153 1541 1201 ut
1592 1148 1845 1215 quovis

250 1229 566 1294 tempore
607 1223 830 1277 oleum
870 1221 1126 1276 facias:
1171 1224 1338 1276 olivas
1379 1222 1449 1276 de
1490 1224 1681 1276 arbore
1722 1223 1842 1276 sub-

250 1299 385 1361 latas
437 1299 491 1351 in
540 1297 671 1351 illud
718 1296 879 1350 mittis
922 1301 974 1351 et
1014 1302 1164 1350 erunt
1201 1298 1337 1351 tales
1378 1297 1564 1365 quovis
1604 1302 1846 1366 tempore

253 1372 403 1439 quasi
443 1389 567 1426 mox
607 1372 675 1425 de
715 1373 905 1425 arbore
945 1370 1276 1441 redemptae.
1319 1371 1388 1425 de
1429 1372 1636 1439 quibus,
1678 1372 1722 1425 si
1755 1388 1845 1424 vo-

252 1447 430 1513 lueriS,
474 1447 650 1499 oleum
689 1445 860 1498 viride
899 1444 1086 1500 facies,

366 1521 451 1574 28.
493 1521 849 1585 Damascena,
898 1518 1140 1586 dactilos,
1183 1535 1313 1572 uvas
1352 1534 1560 1587 passaS,
1602 1523 1846 1586 granata,

254 1652 461 1697 dicorum
478 1666 571 1696 vox
592 1656 664 1697 est
686 1655 848 1696 exacte
870 1664 1001 1707 prae-

252 1724 431 1767 parare,
444 1711 678 1756 zurichten
693 1711 928 1767 (Muetzell
940 1710 1001 1754 ad

254 1771 379 1815 Curt.
405 1772 447 1823 3,
473 1772 540 1823 13,
563 1771 634 1824 12)
668 1776 715 1815 et
748 1782 1001 1826 coquorum

253 1842 469 1886 purgare,
510 1835 563 1874 ut
595 1830 808 1874 dixerunt
841 1842 1001 1874 curare

254 1894 421 1941 cutem,
456 1889 609 1940 vitem,
646 1901 752 1932 nam
783 1888 891 1933 inde
924 1889 1002 1932 de-

254 1948 430 1992 rivatur
460 1947 637 2004 hispan.
663 1961 861 2000 escurar,
903 1947 1000 1991 ital.

255 2019 470 2063 sgurare,
517 2007 627 2063 gall.
671 2009 830 2052 ecurer
871 2019 1002 2051 saeu-

256 2066 381 2111 bern.
405 2090 459 2096 —
482 2066 645 2110 mirti
679 2070 746 2119 βγ.
772 2071 1003 2124 myrtae

256 2125 302 2168 in
334 2125 537 2180 reliquis.
570 2125 631 2168 ad
664 2126 765 2168 220.

346 2183 488 2227 adz5.
511 2182 1004 2239 vexaverit7.edd-

257 2255 390 2288 usum
436 2243 566 2287 verbi
612 2257 706 2287 non
753 2244 1005 2300 capientes.

258 2302 480 2359 Pelagon.
518 2302 586 2345 14.
630 2303 690 2348 in.
736 2316 867 2355 „cum
901 2302 1008 2358 equi

258 2361 558 2405 vexaverint·‘
591 2362 620 2405 i.
639 2375 683 2418 q.
708 2362 895 2413 „vexati
912 2361 1010 2406 fue-

259 2421 392 2471 rilw‘.
437 2420 503 2464 sic
545 2421 590 2464 vi
634 2421 852 2465 reflexiva
884 2434 1012 2464 usur·

259 2483 430 2535 pantur
462 2491 537 2534 ap.
569 2480 788 2524 Nostrum
821 2480 1013 2523 miniare

262 2537 359 2582 sich
382 2537 487 2582 roth
506 2536 668 2583 farben
693 2539 764 2589 60
789 2538 1014 2590 colorare,

262 2596 458 2648 mollire,
492 2610 691 2653 coquere
725 2598 823 2640 278.

351 2655 413 2699 ad
457 2656 526 2699 26.
572 2655 924 2712 sfongiabis
967 2659 1015 2700 et

263 2715 506 2771 sphong
538 2715 674 2759 codd.
693 2711 901 2771 praefixa
923 2715 1015 2759 Ita-

262 2774 411 2819 lorum
456 2787 512 2818 ex
553 2788 679 2819 more
720 2775 857 2818 litera
887 2774 917 2820 i.
949 2774 1017 2818 sic

263 2832 491 2937 signdilus
535 2838 582 2878 et
621 2833 816 2889 sphond.
852 2833 912 2878 al.
956 2833 1013 2878 cf.

265 2905 293 2937 a
359 2893 430 2937 42.

1182 1650 1244 1694 ad
1277 1652 1348 1695 27.
1381 1651 1437 1694 in
1480 1650 1639 1694 illud
1671 1650 1839 1696 oleum.

1093 1722 1177 1755 eae
1218 1710 1371 1755 olivae
1415 1709 1519 1755 oleo
1567 1723 1652 1754 suo
1698 1723 1843 1765 purae

1094 1781 1213 1826 quae
1264 1770 1478 1814 innatant
1540 1769 1844 1826 colymbades

1094 1829 1227 1885 quasi
1258 1834 1379 1881 sunt,
1428 1829 1545 1872 Plin.
1582 1830 1651 1880 15,
1687 1829 1754 1872 16.
1791 1853 1845 1859 —

1093 1888 1340 1933 viridem
1382 1887 1471 1932 hoc
1510 1888 1615 1933 loco
1660 1892 1711 1932 ut
1743 1887 1847 1931 aliis

1093 1947 1277 2003 plurimi
1318 1948 1441 2003 iique
1490 1947 1655 2002 optimi
1710 1946 1847 1991 codd.

1094 2012 1253 2051 tenent
1294 2011 1347 2050 ut
1389 2006 1711 2058 „coriandrum
1744 2005 1850 2050 viri-

1095 2065 1200 2110 dem
1242 2065 1400 2110 multis
1444 2065 1573 2110 locis.
1617 2067 1686 2109 sic
1718 2063 1852 2121 „pul-

1095 2125 1371 2170 mentarium
1434 2123 1720 2169 ferventem⁶⁴
1780 2124 1850 2167 62.

1102 2185 1257 2236 „iecur
1290 2188 1422 2229 eum“
1456 2184 1526 2228 40.
1572 2183 1852 2240 „coagulum

1098 2248 1230 2288 eum“
1274 2243 1376 2288 304.
1421 2256 1679 2300 oxygarum
1725 2243 1854 2299 digc-

1099 2302 1302 2347 stibilem
1334 2303 1406 2347 35.
1440 2315 1565 2346 mare
1597 2301 1855 2347 ferventem

1102 2375 1175 2417 ap.
1209 2361 1353 2406 Aeth.
1396 2361 1499 2405 Istr.
1533 2362 1605 2406 66.
1651 2361 1856 2413 „undan-

1104 2426 1200 2465 tem
1232 2420 1410 2464 salum“
1444 2433 1517 2476 ap.
1552 2421 1672 2464 alios
1690 2424 1738 2465 et
1754 2420 1855 2464 sim.

1104 2479 1171 2523 sic
1218 2479 1364 2523 collus
1414 2479 1493 2534 (ad
1541 2479 1716 2534 Gargil.
1760 2493 1856 2524 cur.

1104 2538 1246 2583 boum
1282 2539 1370 2587 10.)
1419 2539 1567 2582 vinus.
1616 2538 1708 2583 isto
1743 2542 1856 2583 tem-

1105 2610 1219 2653 pore
1266 2611 1412 2654 genus
1459 2598 1709 2642 multorum
1752 2597 1858 2642 sub-

1106 2656 1414 2701 stantivorum
1434 2657 1659 2702 variabat.
1680 2655 1735 2701 cf.
1755 2656 1860 2701 Tei·

1105 2716 1182 2771 pel
1214 2716 1504 2831 ianeitschr.
1538 2714 1859 2762 f.d.A1terth.

1109 2775 1238 2819 184)
1350 2777 1421 2820 65

1197 2834 1258 2878 ad
1271 2789 1363 2880 Ι)28.
1396 2839 1468 2880 est
1501 2848 1557 2880 ex
1584 2834 1746 2880 codice
1769 2834 1859 2878 sal-

1108 2906 1222 2938 mas.
