2066 3276
651 239 751 284 Lib.
783 240 863 284 IV.
911 239 1182 284 Pandectes.
1647 242 1718 294 79

386 300 411 319 N

123 373 411 427 calefacies
451 373 503 425 in
543 374 758 443 patella.
800 378 940 425 teres
981 372 1150 442 piper,
1191 372 1492 439 ligisticum,
1545 373 1717 440 origa-

121 465 261 513 num,
302 452 453 500 rutae
481 449 687 513 bacam,
718 447 913 510 vinum,
943 447 1184 513 mulsum,
1228 448 1403 500 oleum
1462 447 1718 516 patellam

122 522 192 574 ad
232 522 431 574 lentum
469 522 666 588 ignem,
716 526 772 572 ut
812 525 1083 586 coquatur.
1141 520 1255 573 ovis
1298 519 1473 573 crudis
1515 520 1717 587 obliga-

122 596 220 663 bis,
260 595 562 648 adornabiS.
594 595 842 647 ciminum
866 593 1119 646 mundum
1148 594 1394 664 aspargis
1424 599 1475 647 et
1500 595 1715 648 infereS.

240 671 359 724 138
421 670 769 721 Patellam
822 668 1095 720 isiciam
1149 666 1396 739 [isicia]
1452 668 1532 722 de
1581 673 1717 721 tur-

123 743 346 798 sione:
394 742 688 809 enervabis,
732 741 983 794 concides
1017 741 1328 794 minutatim.
1371 747 1514 795 teies
1543 743 1715 827 pipffl!

122 817 425 884 ligisticum,
468 816 763 884 origanum,
816 815 1200 885 petrosilinum,
1253 815 1606 883 coliandrum,
1649 816 1718 870 ci-

123 891 335 975 minum,
373 895 524 943 lutae
566 892 770 956 bacam
812 894 1044 942 mentam
1074 889 1295 956 siccam,
1332 889 1507 959 ipsum
1531 890 1718 943 tursio-

122 981 259 1017 nem.
311 965 463 1018 isicia
527 963 866 1017 deformabis.
927 963 1123 1029 vinum,
1183 964 1468 1030 liquamen,
1526 965 1718 1031 oleum,

127 1055 342 1106 coques,
402 1042 611 1091 coctum
650 1038 705 1089 in
744 1037 1001 1108 patellam
1055 1037 1361 1092 collocabis.
1415 1037 1497 1091 ius
1547 1038 1603 1091 in
1656 1056 1722 1093 ea

122 1112 317 1166 facies:
359 1112 528 1183 piper,
570 1111 870 1180 ligisticum.
913 1112 1219 1179 satureiam,
1274 1129 1481 1182 cepam,
1521 1112 1717 1181 vinum,

122 1187 408 1254 liquamen,
463 1188 654 1254 oleum,
702 1186 758 1238 in
809 1186 1081 1257 patellam,
1137 1203 1309 1256 pones
1348 1190 1405 1238 ut
1446 1192 1717 1254 coquatur.

125 1262 239 1314 ovis
280 1261 562 1328 obligabis.
603 1261 759 1332 piper
798 1277 1062 1330 asparges
1104 1266 1156 1313 et
1198 1260 1413 1314 inferes

203 1336 324 1388 139.
366 1336 709 1389 Patellam
745 1351 823 1388 ex
854 1334 1235 1388 holisatro:
1281 1334 1451 1389 elixas
1488 1351 1556 1388 ex
1583 1351 1724 1402 aqua

125 1409 338 1477 nitrata,
394 1409 660 1479 exprimis,
714 1409 769 1460 in
808 1409 1079 1479 patellam.
1122 1413 1262 1462 teres
1314 1409 1485 1479 piper,
1534 1409 1719 1477 ligisti-

127 1501 262 1551 cum,
317 1483 668 1550 coriandrum,
722 1482 1025 1547 satureiam,
1083 1500 1290 1553 cepam,
1332 1484 1512 1535 vinum
1550 1484 1719 1550 liqua-

125 1630 313 1687 paulum
395 1633 577 1680 coctus,
644 1628 878 1683 „fervente

127 1702 249 1746 aqua
280 1687 521 1745 perfusus“
559 1688 733 1732 Colum.
773 1689 812 1739 7,
836 1689 877 1740 8,

129 1751 166 1793 7.
202 1747 257 1792 cf.
292 1749 391 1792 360.
431 1771 483 1777 —m
517 1747 664 1792 haec
690 1752 875 1803 ——pat.

969 1628 1175 1679 λούμενος
1217 1632 1418 1684 θυρσίων,
1459 1629 1627 1684 ἥδιστος
1663 1630 1724 1671 ὢν

969 1691 1035 1728 καὶ
1079 1687 1405 1744 τρυφερώτατος
1455 1690 1559 1734 coll.
1602 1690 1719 1734 Plin.

969 1749 1011 1799 9,
1043 1748 1113 1791 34.
1146 1761 1254 1803 pars
1288 1749 1518 1804 quaedam
1543 1750 1723 1794 canicu-

128 1821 299 1864 coques
342 1821 398 1851 ex
431 1807 552 1851 oleo.
587 1806 878 1862 patellam
969 1807 1044 1851 lae
1079 1807 1347 1851 carchariae
1370 1809 1570 1865 indeque
1591 1814 1721 1853 totus

126 1880 285 1924 pones.
335 1867 603 1910 mundum
650 1880 734 1922 pro
783 1867 878 1909 mi-

126 1932 325 1971 nutum
350 1940 463 1970 corr.
485 1939 541 1970 ex
557 1926 707 1969 Edict.
728 1925 877 1970 Diocl.

130 1988 169 2038 1,
187 1987 258 2029 32.
292 1986 465 2041 plebeii
483 1984 760 2042 tyrotarichi
787 1986 879 2028 clbi

127 2060 184 2090 ex
217 2058 352 2089 caseo
388 2050 434 2088 et
460 2045 767 2095 salsamentis,
800 2044 880 2100 qui

127 2105 267 2149 hodie
294 2109 526 2148 menestra
545 2109 755 2155 vocatur,
787 2117 879 2147 mc-

128 2164 258 2207 minit
292 2163 382 2207 Cic.
418 2164 478 2207 ad
509 2164 615 2208 Div.
649 2165 691 2215 9,
717 2164 784 2208 16.
818 2162 879 2207 ad

127 2223 274 2267 Attic.
308 2223 350 2274 4,
383 2223 423 2266 8.

216 2282 277 2325 ad
321 2283 418 2326 138.
484 2281 697 2326 codicum
759 2286 875 2337 pat.

128 2342 343 2385 siccam
377 2355 470 2385 non
493 2354 748 2396 concoquo,
778 2354 879 2384 cum

128 2414 185 2444 ex
200 2402 298 2444 iure
315 2399 551 2444 inferatur.
568 2413 709 2455 quare
729 2413 880 2444 emen-

129 2460 239 2504 davi
280 2460 515 2503 isiciam
556 2460 632 2503 vel
673 2460 878 2503 siciam

129 2524 177 2563 et
216 2518 339 2562 idem
382 2519 663 2564 adiectivum
698 2518 881 2562 restitui

131 2578 230 2622 172.
263 2578 441 2622 isicia
473 2591 530 2622 ex
561 2578 768 2633 margine
792 2582 878 2621 est.

130 2663 184 2667 —-
233 2637 291 2681 de
337 2649 450 2681 cane
503 2637 696 2681 marino.
745 2650 880 2693 quem

128 2696 265 2740 Italia
297 2695 438 2741 hodic
472 2697 650 2748 canino,
686 2695 882 2740 Graecia

130 2756 350 2797 σκυλάκιον
402 2761 557 2803 vocat.
610 2754 786 2811 Athen.
841 2756 880 2808 7,

130 2815 200 2860 85.
233 2814 397 2856 τούτου
430 2818 510 2857 τοῦ
556 2814 713 2870 ἰχθύος
752 2817 882 2872 μέρος

132 2872 218 2917 ἔστι
248 2877 317 2917 καὶ
352 2875 374 2917 ὁ
413 2875 500 2917 ὑπὸ
538 2876 762 2930 εΡωμαίων
795 2892 876 2916 κα-

969 1867 1109 1922 piscis
1142 1867 1191 1910 id
1218 1881 1385 1912 nomen
1409 1868 1566 1912 habet.
1588 1881 1723 1924 squa—

970 1926 1118 1970 lorum
1158 1927 1338 1981 species
1382 1932 1468 1971 est.
1523 1926 1724 1972 fortasse

970 1998 1038 2041 sq.
1085 1985 1326 2029 acanthias
1371 1986 1598 2044 dornhay‚
1646 1987 1726 2043 qui

969 2045 1183 2088 bonitate
1217 2045 1365 2089 carnis
1394 2046 1606 2102 squalum
1626 2059 1725 2091 cor-

969 2104 1185 2148 nubicum
1258 2103 1354 2148 fere
1426 2110 1611 2161 aequat.
1677 2109 1726 2149 et

970 2163 1122 2219 squali
1169 2162 1325 2219 glauci
1360 2165 1510 2208 cauda
1554 2164 1725 2209 delica-

970 2228 1067 2266 tum
1113 2223 1263 2267 cibum
1306 2224 1515 2278 praebet.
1561 2237 1726 2268 ener-

969 2282 1099 2326 vab.
1132 2283 1385 2326 tursionem
1418 2284 1487 2326 91.
1533 2283 1725 2338 ipsum

971 2346 1113 2385 turs.
1151 2342 1383 2385 concisam
1416 2342 1607 2398 pulpam
1630 2346 1725 2385 tur-

970 2401 1126 2444 sionis.
1168 2400 1300 2444 isicia
1330 2401 1527 2456 primum
1561 2401 1727 2445 leniter

972 2459 1214 2503 elixantur.
1250 2460 1356 2504 dein
1391 2473 1492 2504 cum
1523 2461 1621 2504 iure
1651 2474 1726 2505 co-

973 2523 1175 2574 quuntur
1216 2519 1271 2562 in
1314 2524 1424 2563 ante
1463 2524 1579 2576 pat.
1614 2519 1722 2563 add.

972 2591 1029 2622 ex
1064 2579 1163 2621 139.

1062 2696 1124 2740 ad
1158 2697 1255 2740 139.
1304 2695 1619 2741 holisatro
1652 2696 1726 2743 93.

972 2756 1027 2799 in
1061 2760 1176 2811 pat.
1206 2755 1368 2808 mittis,
1394 2756 1611 2801 collocas.
1636 2770 1726 2802 vo-

970 2815 1165 2920 }ieigri-aei
1202 2828 1285 2860 sex
1329 2816 1469 2861 codd.
1505 2829 1591 2872 pro
1624 2829 1726 2862 vo-
