2066 3276
687 260 785 307 Lib.
804 261 930 311 VIII.
963 261 1208 320 Tetrapus.
1668 265 1770 319 169

179 398 259 448 tes
280 393 333 447 in
360 394 583 450 furnum.
611 400 752 449 teres
776 397 944 467 piper,
986 401 1173 463 rutam,
1216 413 1423 466 cepam,
1459 396 1768 464 satureiam,

181 469 508 525 damascena
559 471 822 538 nucleata,
873 470 1060 524 lasaris
1113 470 1380 524 modicum
1429 471 1550 537 vivi,
1602 471 1770 538 liqua-

179 562 301 598 men
343 550 395 599 et
432 545 627 598 Vinum.
705 543 919 598 fervens
957 544 1201 598 colluitur
1226 545 1280 598 in
1309 545 1475 613 disco,
1519 563 1585 600 ex
1615 550 1769 600 aceto

179 618 412 671 sumitur.
1373 626 1380 631 ·

290 694 412 746 369.
449 691 705 745 Aedum
739 692 1052 745 laureum
1087 710 1167 746 ex
1199 693 1415 746 lacte:
1458 692 1650 746 aedum
1683 710 1767 747 cu-

177 783 282 834 raS,
337 783 573 832 exossas
636 767 914 819 interanea
973 767 1084 819 eius
1141 783 1257 819 cum
1311 768 1539 833 coagulo
1593 768 1768 834 tolleS,

176 841 341 896 lavas,
386 840 588 894 adicies
626 840 682 892 in
721 840 1027 892 mortarium
1069 840 1237 911 piper,
1278 840 1580 908 ligisticurn,
1629 842 1768 895 lasa-

176 914 246 967 ris
286 914 540 982 radicem,
580 913 715 966 lauri
754 914 920 967 bacas
953 914 1104 981 duas,
1146 914 1328 984 piretri
1359 914 1642 981 modicum,
1685 933 1769 969 ce-

175 989 378 1043 rebella
430 987 533 1040 duo
586 989 673 1040 vel
724 987 840 1041 tria.
896 987 1030 1041 haec
1073 988 1252 1041 omnia
1291 993 1449 1054 teres,
1492 989 1768 1042 suffundes

174 1062 457 1129 liquamen,
499 1062 824 1132 temperabis
867 1079 934 1114 ex
974 1063 1104 1115 sale.
1147 1079 1308 1130 super
1341 1063 1579 1115 trituram
1622 1064 1769 1117 colas

173 1135 325 1190 lactis
366 1137 628 1195 sextarios
670 1135 819 1202 duOS,
874 1136 1045 1189 mellis
1099 1136 1292 1203 ligulas
1347 1136 1494 1190 duas,
1552 1137 1652 1191 hac
1691 1137 1767 1190 in-

173 1226 344 1277 pensa
380 1210 632 1263 intestina
672 1211 849 1278 reples
894 1215 945 1263 et
985 1227 1150 1278 super
1189 1210 1384 1263 aedum
1426 1212 1685 1279 conponis
1715 1212 1770 1264 in

174 1284 287 1350 giro
325 1289 378 1337 et
411 1290 620 1337 omento
657 1289 806 1337 carta
838 1285 1096 1352 coperies‚
1134 1285 1352 1337 surclas.
1393 1285 1447 1337 in
1478 1287 1767 1339 caccabum

173 1359 259 1411 vel
310 1359 563 1426 patellam
618 1375 891 1426 conpones
945 1358 1155 1425 aedum,
1218 1358 1421 1412 adicies
1482 1359 1767 1426 liquamen,

174 1432 365 1499 oleum,
420 1432 619 1486 vinum..
669 1449 787 1485 cum
841 1431 912 1485 ad
963 1432 1196 1486 mediam
1237 1438 1504 1486 cocturam
1545 1434 1766 1500 venerit,

171 1510 312 1559 teres
351 1506 523 1574 piper,
566 1506 849 1573 ligisticum
892 1510 943 1559 et
982 1506 1062 1559 ius
1105 1506 1173 1559 de
1208 1524 1302 1559 suo
1337 1507 1438 1560 sibi
1472 1507 1766 1576 suffundeS,

172 1657 362 1704 motum,
396 1666 424 1696 a
454 1653 577 1697 lacte
611 1653 852 1709 depulsum
878 1657 925 1696 et

171 1711 416 1756 herbarum
434 1713 524 1755 iam
542 1713 810 1768 patientem.
830 1712 925 1756 sed

170 1776 382 1826 praestat
415 1785 444 1827 p
461 1772 717 1816 articum
741 1771 924 1815 nomine

170 1843 198 1872 a
230 1830 378 1874 lasere
410 1830 621 1886 parthico
655 1831 796 1875 ducto
822 1831 922 1874 240.

169 1888 291 1933 idem
341 1890 554 1934 mendum
604 1903 677 1946 ap.
736 1892 921 1934 Pctron.

168 1948 240 1999 47,
287 1949 353 1992 10.
402 1974 454 1980 —
509 1950 636 2000 vivi
680 1963 793 1994 corr.
838 1963 922 2004 pro

168 2008 364 2051 vinnm
398 2022 455 2052 ex
487 2008 585 2052 243.
621 2010 720 2053 393.
746 2014 793 2054 et
823 2013 921 2052 ten-

168 2067 266 2111 tavi
308 2067 411 2110 las.
446 2066 708 2124 ra}(licem
741 2080 920 2112 unam.

169 2126 195 2169 1.
242 2152 297 2157 -
339 2125 585 2171 fervens
630 2128 774 2172 aedus
817 2128 918 2170 376.

167 2198 191 2228 0
205 2185 287 2229 011
302 2186 461 2230 uitur
484 2185 790 2242 perfunditur,
838 2186 921 2230 ibi-

167 2244 272 2288 dem
316 2250 363 2288 61
394 2245 493 2289 406.
545 2271 598 2275 ψ
633 2259 699 2290 ex
731 2251 920 2295 aceto,

166 2304 253 2347 nisi
294 2304 426 2348 malis
468 2318 534 2349 ex
574 2305 919 2358 acetabulo,

164 2363 266 2407 38³2.
300 2364 388 2406 erit
420 2362 464 2403 ἐκ
494 2362 730 2417 βάμματος,
764 2362 805 2410 ἒξ
835 2362 917 2416 ἒμ-

164 2421 389 2475 βὰμματος
450 2423 525 2466 vel
588 2422 630 2469 ἐξ
687 2422 918 2475 ἕμβαφίου,

167 2479 389 2534 ὀξυβάφου
423 2481 549 2536 quod
592 2494 674 2525 vas
707 2482 768 2525 ad
799 2483 917 2536 pati-

164 2552 270 2583 nam
302 2540 627 2595 apponebatur
670 2541 731 2584 ad
765 2541 916 2584 cibum

164 2599 427 2654 liquamine,
462 2612 670 2655 oxygaro
715 2604 762 2644 et
794 2600 915 2643 simi-

162 2658 283 2702 libus
316 2659 623 2702 imbuendum.
668 2663 733 2702 ub·
761 2659 914 2703 brevis

163 2718 248 2761 sim
283 2716 340 2761 cf.
374 2716 569 2761 Salmas.
612 2718 658 2760 in
690 2717 831 2762 Solin.
866 2732 909 2773 p.

163 2777 263 2820 265.
309 2776 407 2819 266.
452 2777 685 2820 Hermann
729 2777 910 2822 Griech.

162 2835 396 2892 privatalt.
431 2840 455 2887 ξ
487 2836 558 2885 28,
593 2835 661 2879 15.
698 2836 765 2878 16.

250 2894 427 2939 ad369.
462 2895 666 2939 aedum
692 2895 911 2940 laurum

1018 1654 1152 1698 codd.
1188 1658 1235 1698 et
1268 1654 1338 1698 ed.
1374 1668 1440 1709 pr.
1476 1655 1597 1700 unde
1640 1656 1769 1700 lau-

1015 1717 1249 1757 reatum
1293 1712 1405 1757 fecit
1456 1714 1593 1762 Hum.
1636 1715 1767 1759 lauro

1016 1772 1253 1817 conditum
1314 1773 1513 1830 indeque
1577 1775 1766 1818 odorem

1016 1833 1112 1876 eius
1169 1831 1431 1884 habentem,
1491 1834 1640 1889 qualis
1696 1840 1768 1878 est

1015 1891 1115 1935 379.
1149 1892 1382 1946 porcellus
1415 1893 1664 1937 laureatus.
1710 1907 1767 1937 ex

1016 1952 1180 2006 optimi
1214 1952 1314 1995 cod.
1348 1956 1379 2003 β
1412 1952 1640 1996 laurum
1678 1952 1767 1997 feci

1012 2010 1277 2055 laureum
1317 2025 1401 2066 pro
1435 2012 1594 2055 laurea
1625 2012 1766 2055 isiciis

1013 2083 1150 2125 super
1181 2070 1330 2125 ipsum
1373 2071 1601 2114 circinatis
1635 2085 1760 2115 coro-

1012 2133 1185 2180 natum,
1261 2130 1369 2173 olim
1442 2131 1763 2174 loricatum

1012 2186 1326 2232 farciminibus
1344 2192 1395 2232 ut
1413 2190 1557 2233 lorica
1576 2190 1764 2234 circum-

1013 2246 1184 2290 datum.
1219 2248 1430 2292 similiter
1472 2250 1568 2292 133.
1603 2250 1765 2304 patina

1013 2319 1082 2349 ex
1129 2306 1292 2350 lacte
1341 2308 1523 2359 dicitur,
1580 2308 1625 2350 in
1673 2321 1764 2364 qua

1011 2365 1167 2408 multis
1200 2366 1336 2410 rebus
1376 2380 1468 2410 una
1506 2367 1683 2422 paratis
1716 2373 1764 2411 et

1012 2424 1156 2467 coctis
1180 2424 1253 2468 lac
1275 2438 1413 2481 super
1437 2439 1637 2470 massam
1660 2440 1762 2482 per—

1009 2481 1228 2527 funditur.
1272 2510 1327 2515 ——-
1362 2486 1619 2539 coagulo
1654 2499 1762 2529 ven-

1008 2542 1190 2593 triculo,
1226 2544 1422 2588 utriculo
1447 2545 1546 2588 373.
1574 2544 1675 2588 374.
1706 2571 1759 2576 —

1005 2602 1198 2655 pireti
1230 2602 1275 2644 in
1307 2602 1515 2657 plurimis
1562 2604 1658 2646 181.
1707 2629 1759 2633 —

1006 2661 1060 2703 in
1093 2660 1226 2717 giro
1261 2662 1395 2705 codd.
1430 2663 1459 2706 i.
1486 2676 1524 2706 6.
1550 2663 1595 2705 111
1622 2663 1760 2714 circo,

1005 2719 1062 2763 cf.
1077 2720 1123 2763 in
1141 2734 1306 2776 gyrum
1324 2734 1396 2776 ap.
1417 2721 1604 2765 Sueton.
1627 2721 1759 2766 Caes.

1002 2779 1071 2822 39.
1122 2779 1174 2822 in
1222 2780 1391 2824 zirbo
1447 2781 1582 2823 Hum.
1642 2794 1756 2824 corr.

1004 2838 1129 2893 quod
1147 2838 1207 2882 sit
1228 2839 1297 2891 „in
1312 2842 1526 2883 omento“
1548 2837 1754 2893 ἐπιπλόῳ,

1003 2896 1230 2942 Dufresne
1304 2897 1370 2952 VI
1428 2911 1471 2954 p.
1537 2899 1636 2943 935.
1702 2924 1756 2931 -
