2066 3276
859 249 1112 296 Praefatio.
1716 248 1783 301 15

189 405 327 460 „qua
354 388 566 442 nomine
587 388 875 455 Meg-alona
889 386 939 453 a)
979 385 1156 454 reperi
1183 384 1544 438 abiectissimo
1581 383 1636 437 in
1662 386 1782 438 loco

189 477 463 548 „codicem
493 478 877 543 semilacerum,
921 475 1068 529 cuius
1095 474 1274 526 titulus
1321 473 1540 541 qualore
1583 475 1784 530 obsitus

190 567 312 637 „vix
334 567 700 620 characterum
720 565 1021 633 vestigiisre
1038 565 1419 635 praesentabat
1435 564 1785 634 CaeliiApitii

191 656 292 725 „de
319 673 377 708 re
406 655 660 709 culinaria
699 655 861 708 libros
903 653 1105 707 decem.
1152 652 1282 706 (leus
1325 653 1481 720 bone,
1526 660 1785 721 quantum

192 745 556 813 „subsultabat
576 744 781 795 animus
814 759 945 812 prae
969 741 1184 808 gaudie,
1216 747 1469 810 quantum
1496 744 1783 814 triumpha-

192 834 345 902 „bam
385 837 530 885 ratus
569 848 654 884 me
695 848 801 884 non
854 830 997 898 quod
1037 829 1189 898 pueri
1227 830 1283 883 in
1321 830 1449 884 faba
1489 833 1783 905 clamitant,

193 920 323 991 „sed
351 921 667 989 palmarium
695 920 979 989 reperisse,
1008 924 1138 988 puta
1164 937 1442 973 romanum
1475 922 1623 976 illum
1658 925 1784 994 Api-

193 1011 352 1081 „tium
385 1003 689 1083 ὀψοφάγον,
731 1010 1016 1063 maximum
1046 1010 1279 1062 omnium
1306 1016 1562 1079 nepotum
1603 1015 1788 1082 gurgi·

106 1086 109 1089 Δ
194 1104 349 1170 „tem,
381 1103 526 1153 cuius
557 1099 889 1154 celeberrimi
916 1099 1202 1169 scriptores
1231 1100 1555 1155 mentionem
1582 1102 1786 1158 faciunt

194 1205 400 1259 „eoque
440 1205 548 1243 non
586 1190 806 1243 verbum
845 1190 1009 1244 verbo
1061 1190 1231 1243 solum
1280 1190 1378 1244 sed
1419 1190 1787 1247 characterum

194 1294 418 1349 „vocum
458 1277 786 1346 singularum
825 1284 1121 1333 monstrose
1182 1278 1597 1334 deformatarum
1637 1282 1787 1337 linia-

197 1372 408 1438 „menta
447 1367 716 1436 solicitius,
756 1368 831 1421 ita
871 1373 926 1421 ut
964 1386 1033 1422 ne
1073 1386 1214 1440 apex
1256 1369 1472 1437 quidem
1513 1370 1790 1426 desidera-

198 1461 387 1527 „retur,
442 1455 790 1525 depingenda
832 1458 1144 1512 curavimus.
1190 1491 1260 1497 —
1310 1460 1429 1528 ipse
1469 1461 1790 1530 simulatque

198 1545 459 1616 „penitius
491 1546 703 1616 inspexi
746 1551 796 1601 et
833 1552 1188 1616 properanter
1229 1554 1389 1618 caput
1428 1567 1587 1603 unum
1630 1556 1792 1619 atque

197 1635 453 1705 „alterum
481 1636 861 1689 transvolitavi.
905 1637 1143 1705 protinus
1184 1638 1331 1706 apud
1365 1657 1450 1693 me
1489 1641 1792 1694 mussitavit

199 1723 277 1794 „si
303 1724 557 1777 vetustior
585 1724 668 1778 hic
696 1730 899 1793 auctor,
941 1726 1065 1780 licet
1088 1744 1276 1795 parum
1305 1729 1544 1797 eleganS,
1584 1730 1795 1798 integer

198 1818 286 1883 „et
323 1830 356 1866 a
382 1812 590 1867 mendis
618 1831 782 1883 purus
809 1820 1060 1884 exstaret,
1101 1815 1248 1869 haud
1273 1818 1624 1887 ambigerem,
1667 1819 1795 1886 quin

200 1903 541 1973 „mortalibus
572 1904 789 1971 cunctis,
833 1904 931 1957 sed
959 1906 1252 1974 praecipue
1280 1907 1581 1962 medicinae
1617 1909 1796 1962 candi-

200 1991 371 2062 „datis
412 2009 571 2059 quum
611 1993 682 2046 ad
720 1995 942 2048 tutelam
983 1995 1226 2048 sanitatis
1258 2000 1367 2049 tum
1396 1997 1467 2050 ad
1493 1999 1799 2051 morborum

201 2082 563 2151 „curationem
606 2088 748 2137 esset
786 2083 1012 2138 idoneus
1055 2089 1107 2138 et
1135 2085 1439 2154 cumprimis
1464 2087 1798 2141 necessarius

201 2171 412 2241 „quoad
434 2165 778 2244 διαιτητικῆν,
810 2190 947 2241 quae
968 2174 1246 2243 potissima
1273 2176 1386 2230 eius
1415 2177 1542 2231 artis
1573 2183 1654 2232 est
1678 2194 1798 2248 por-

315 2365 356 2420 *)
396 2366 467 2411 Ibi
500 2371 684 2412 centum
729 2365 826 2413 fere
859 2367 990 2413 annis
1023 2372 1132 2413 ante
1166 2368 1375 2414 codicem
1407 2370 1647 2415 inventum
1681 2369 1801 2417 refe-

198 2428 304 2468 runt
346 2426 526 2482 aliquot
569 2428 656 2471 viri
697 2428 743 2471 in
784 2428 966 2472 Fabric.
1009 2428 1127 2472 Bibl.
1162 2429 1264 2472 Lat.
1299 2429 1351 2473 T.
1377 2431 1416 2474 1.
1449 2443 1492 2485 p.
1519 2431 1619 2474 501.
1664 2431 1710 2474 in
1743 2431 1799 2476 iis

198 2482 345 2541 Bayle
376 2486 577 2530 Diction.
613 2486 718 2530 hist.
752 2486 800 2531 iu
821 2487 961 2542 Apie.
1011 2487 1074 2532 Ce
1107 2488 1223 2532 libre
1256 2486 1327 2532 fut
1359 2491 1525 2534 trouve
1559 2491 1674 2534 dans
1707 2491 1801 2536 l'ile

200 2542 258 2587 de
290 2544 596 2600 Maguelonne
629 2547 795 2601 aupres
829 2546 886 2590 de
919 2546 1215 2602 Montpellier
1246 2560 1332 2603 par
1363 2547 1579 2594 Albanus
1602 2550 1802 2595 Torinus

201 2602 278 2658 qui
320 2603 363 2648 le
406 2604 566 2660 publia
604 2606 632 2648 a
674 2605 790 2650 Bale
839 2606 987 2650 douze
1028 2618 1110 2650 ans
1153 2609 1303 2663 apres.
1342 2608 1375 2651 il
1418 2610 1550 2654 avoit
1582 2611 1657 2653 ete
1691 2610 1802 2668 deja

199 2664 365 2706 trouve
408 2664 595 2708 ailleurs
643 2667 748 2720 pres
790 2665 847 2709 de
881 2670 986 2711 cent
1018 2678 1101 2710 ans
1133 2673 1425 2722 auparavant
1457 2681 1566 2713 sous
1599 2669 1642 2714 le
1674 2669 1803 2726 Papo

200 2721 389 2767 Nicolas
413 2722 468 2766 V.
502 2736 586 2779 par
617 2723 1039 2770 Enoch'd'Aseoli.
1072 2726 1105 2769 il
1137 2741 1169 2784 y
1200 2727 1331 2770 avoit
1362 2740 1422 2772 au
1455 2729 1564 2773 titre
1596 2729 1655 2773 M.
1690 2729 1803 2774 Cae-

202 2780 333 2826 cilius
364 2781 577 2838 Apicius.
611 2781 735 2828 fama
766 2783 881 2829 haec
913 2785 953 2829 si
988 2798 1095 2830 vera
1126 2786 1346 2839 manavit,
1381 2789 1619 2844 quaeritur
1650 2788 1804 2834 adhuc

202 2840 280 2886 ubi
313 2841 374 2886 sit
405 2842 444 2886 is
476 2842 607 2888 liber.
650 2856 706 2888 eo
740 2857 833 2888 non
865 2857 996 2889 usum
1029 2845 1255 2891 Albinum
1299 2848 1424 2891 omni
1466 2848 1663 2904 pignore
1696 2862 1803 2895 con-

203 2901 443 2956 tenderim,
476 2903 621 2948 editio
655 2908 779 2949 certe
813 2905 1059 2962 vestiqum
1092 2906 1267 2952 codicis
1300 2920 1381 2952 ms.
1416 2921 1507 2952 non
1543 2907 1697 2954 habet.
