2066 3276
765 268 865 317 Lib.
897 272 932 317 Ι.
994 271 1239 327 Epimeles.
1731 270 1802 322 29

315 410 365 461 4.
426 409 752 461 Rosatum
806 406 882 459 sic
934 405 1129 458 facies:
1196 403 1324 456 folia
1380 419 1619 455 rosarum
1677 402 1799 455 albo

204 483 410 535 sublato
451 483 558 534 lino
597 482 786 534 inseris
833 511 894 519 ——-
941 484 996 531 ut
1036 478 1217 531 sutiles
1256 477 1428 530 facias
1469 509 1541 515 —
1584 481 1635 528 et
1674 476 1799 527 vino

206 574 363 623 quam
402 556 656 624 plurimas
695 554 946 619 infundis,
1002 558 1057 604 ut
1107 556 1315 619 septem
1356 551 1544 604 diebus
1584 550 1639 601 in
1678 550 1801 602 vino

205 631 322 682 sint.
364 635 486 698 post
530 634 736 697 septem
778 628 892 681 dies
933 644 1110 679 rosam
1151 625 1219 678 de
1252 625 1374 677 vino
1408 624 1548 677 tollis
1585 628 1637 677 et
1670 623 1803 676 alias

205 704 403 757 sutules
442 708 685 756 recentes
726 702 963 754 similiter
1002 699 1178 765 mittis,
1220 704 1277 750 ut
1315 715 1412 769 per
1439 698 1553 751 dies
1598 702 1803 766 septem

204 779 257 830 in
289 778 413 830 vino
447 777 785 844 requiescant
819 780 871 828 ct
902 791 1078 826 rosam
1114 773 1301 826 eximis
1333 772 1584 825 similiter.
1629 789 1662 824 a
1699 776 1803 824 ter-

204 852 276 904 tio
318 850 486 903 facias
527 855 579 903 et
617 867 794 902 rosam
836 849 1021 902 eximis
1076 852 1129 899 et
1180 847 1360 899 vinum
1401 847 1548 900 colas
1590 850 1642 898 et
1682 862 1803 899 cum

205 925 276 978 ad
315 924 606 978 bibendum
644 924 793 976 voles
833 922 924 989 uti,
973 920 1155 974 addito
1204 921 1362 974 melle
1403 925 1638 973 rosatum
1679 937 1802 973 con-

204 999 351 1053 ficies
422 1015 553 1051 sane
608 997 869 1051 custodito
924 1000 980 1047 ut
1027 1011 1204 1047 rosam
1256 1013 1289 1047 a
1342 1011 1462 1048 rore
1515 995 1806 1047 siccamet

206 1073 461 1142 optimam
499 1072 694 1127 mittas,
774 1070 1027 1124 Similiter
1066 1074 1123 1122 ut
1162 1086 1325 1137 supra
1366 1068 1434 1122 de
1475 1069 1619 1121 viola
1658 1068 1803 1122 vio-

204 1147 419 1200 latum
457 1145 626 1200 facies
667 1150 719 1199 et
760 1145 950 1199 eodem
990 1143 1150 1198 modo
1192 1144 1350 1196 melle
1390 1142 1733 1212 temperabis.

317 1222 648 1274 Rosatum
683 1220 833 1274 sine
869 1235 1028 1272 rosa
1060 1218 1136 1272 sic
1169 1217 1368 1271 facies:
1410 1216 1541 1270 folia
1581 1216 1695 1270 citri
1728 1217 1802 1269 vi·

205 1294 343 1348 ridia
390 1295 445 1347 in
497 1296 752 1366 sportella
803 1294 1017 1365 palmea
1065 1294 1119 1345 in
1174 1292 1373 1345 dolium
1422 1293 1578 1345 musti
1627 1291 1802 1344 mittes

207 1374 509 1436 antequam.
534 1370 740 1423 ferveat
793 1374 845 1422 et
892 1372 1016 1436 post
1055 1366 1413 1436 quadraginta
1452 1366 1567 1420 dies
1611 1365 1800 1419 exime.

208 1461 327 1497 cum
365 1460 588 1497 necesse
627 1442 799 1508 fuerit,
842 1443 948 1495 mel
987 1441 1157 1495 addes
1200 1446 1252 1494 et
1289 1458 1386 1510 pro
1428 1445 1605 1493 rosato
1637 1444 1803 1493 utere.

320 1518 368 1570 5.
432 1517 665 1571 Oleum
716 1516 1140 1570 liburnicum
1193 1515 1269 1568 sic
1321 1514 1518 1568 facies:
1572 1514 1627 1566 in
1686 1514 1804 1567 oleo

207 1608 377 1661 spano
417 1592 593 1645 mittes
634 1592 860 1645 elenium
903 1596 954 1644 et
994 1591 1229 1658 ciperum
1275 1594 1326 1642 et
1366 1589 1495 1641 folia
1535 1588 1669 1641 lauri
1700 1605 1808 1640 non

208 1671 433 1733 vetusta,
474 1671 630 1719 tunsa
657 1666 833 1717 omnia
862 1665 1212 1718 excribellata
1243 1663 1313 1716 ad
1338 1663 1663 1716 levissimum
1692 1663 1806 1730 pul-

207 1757 386 1794 verem
426 1740 646 1794 redacta
686 1744 738 1793 et
778 1739 919 1793 sales
959 1738 1142 1792 frictos
1175 1738 1329 1791 tritos
1366 1742 1418 1791 et
1449 1755 1546 1809 per
1579 1736 1808 1789 triduum

210 1920 249 1962 1.
278 1916 578 1969 „thebaicae“
602 1922 650 1962 et
674 1916 959 1969 „thebaicis“

209 1990 310 2021 cum
340 1977 548 2029 „dablis“
583 1978 658 2022 vel
681 1977 888 2029 ‚,badiis“
904 1989 959 2020 ex

209 2037 465 2088 Isidor.12‚
502 2039 540 2087 1,
572 2037 642 2080 49.
686 2038 765 2080 alii
791 2036 959 2080 aliain-

209 2096 399 2140 veniant
431 2110 489 2139 ex
520 2096 676 2141 Diosc.
696 2095 828 2146 5‚49.
863 2095 959 2140 Ori—

209 2155 308 2200 bas.
327 2156 367 2206 5,
392 2156 460 2199 ⁶25.
480 2156 550 2199 32.
598 2154 805 2211 Geopon.
826 2155 867 2206 8,
887 2156 955 2197 21.

209 2215 327 2258 Plin.
364 2214 433 2266 14,
465 2215 562 2258 109.
596 2214 777 2258 Pallad.
800 2216 869 2266 11,
889 2213 956 2264 14,

212 2275 280 2317 17.
317 2274 386 2318 18.
422 2300 474 2304 -
520 2287 577 2318 ex
609 2274 629 2322 ζ
659 2275 843 2318 restitui
874 2286 959 2328 pro

211 2333 518 2384 eiusmodi,
577 2333 703 2389 quod
759 2332 960 2376 fortasse

211 2398 284 2437 est
317 2392 478 2444 ‚,lene“
511 2396 548 2444 ἓ.
576 2395 614 2435 1.

301 2451 421 2495 ad4.
470 2451 739 2501 subtilis,
771 2449 963 2493 subti-

211 2510 556 2562 les‚sutilis‚
585 2510 963 2554 sutulesutro-

214 2582 302 2625 que
320 2569 424 2614 loco
451 2570 497 2612 in
516 2569 652 2613 codd.
673 2568 837 2613 eadem
858 2580 964 2611 con-

213 2628 334 2673 fusio
369 2629 487 2673 Cels.
533 2630 574 2679 8,
611 2630 679 2672 11.
724 2629 770 2671 in
808 2627 962 2682 Priap.

214 2689 285 2740 19,
319 2689 361 2731 3.
396 2687 538 2743 Apul.
566 2692 671 2731 met.
693 2688 731 2738 1,
759 2688 799 2730 6.
833 2686 965 2746 6,18.

214 2772 268 2778 —
302 2752 360 2791 ut
391 2747 533 2791 vino
568 2746 703 2790 codd.
730 2772 783 2778 —
811 2749 967 2789 ater-

213 2805 303 2851 tio
329 2804 528 2850 facias
554 2810 612 2850 et
637 2818 832 2849 rosam
860 2806 969 2848 exi-

214 2866 321 2910 mis
344 2878 400 2909 ex
427 2869 492 2917 βπ
513 2879 614 2909 cum
633 2866 767 2909 Hum.
794 2864 971 2908 addidi.

215 2948 268 2958 -——
291 2924 692 2970 deviolacium
713 2922 868 2980 ῥ’γδθκ.
904 2924 972 2968 de

1053 1916 1191 1960 vino
1240 1914 1450 1959 latium
1500 1931 1544 1958 π.
1595 1912 1808 1959 devio-

1052 1976 1240 2018 latum
1275 1976 1304 2023 ζ.
1355 1974 1424 2019 de
1466 1974 1634 2018 viola
1676 1974 1808 2018 vio-

1051 2035 1262 2078 latium
1296 2034 1431 2078 Hum.
1464 2034 1531 2077 sic
1561 2033 1743 2078 Pallad.
1763 2034 1806 2085 3,

1050 2096 1123 2138 32.
1142 2094 1384 2144 violatum,
1412 2093 1693 2143 violaceum,
1711 2092 1809 2136 vio-

1049 2154 1239 2197 latium.‘
1269 2153 1487 2197 coniicias
1522 2152 1589 2196 de
1639 2151 1809 2195 viola

1049 2213 1300 2256 laticem
1348 2218 1400 2256 ut
1452 2210 1656 2256 absinthi
1704 2211 1809 2254 lati-

1055 2286 1152 2316 cem
1186 2272 1304 2314 dixit
1335 2272 1517 2315 Lucret.
1550 2271 1591 2322 4.
1628 2271 1697 2314 16.
1743 2270 1809 2314 ni—

1052 2345 1188 2376 veum
1218 2330 1437 2374 Prudent.
1459 2329 1654 2374 cathem.
1674 2329 1717 2380 3,
1735 2330 1807 2372 67.

1054 2391 1254 2434 lacteum
1294 2389 1485 2444 Apulei.
1518 2394 1624 2433 met.
1662 2390 1702 2439 1,
1738 2389 1804 2432 19.

1146 2449 1208 2492 ad
1225 2450 1263 2492 5.
1299 2449 1554 2504 spanoin
1571 2461 1653 2492 sex
1670 2447 1807 2491 codd.

1054 2522 1139 2564 pro
1172 2507 1433 2562 hispano
1467 2507 1654 2551 2541..—
1689 2506 1809 2551 ele-

1055 2569 1223 2619 nium‚
1257 2567 1330 2611 ell.
1350 2572 1398 2612 et
1418 2568 1484 2610 16.
1507 2566 1808 2618 inlunium‚

1055 2628 1102 2671 in
1137 2627 1208 2671 ed.
1247 2639 1313 2682 pr.
1357 2626 1658 2671 helenium
1701 2626 1809 2670 scri-

1057 2688 1197 2738 bitur,
1231 2684 1401 2729 έλένιον.
1422 2712 1476 2718 -
1511 2698 1808 2743 cyperum,

1058 2746 1290 2802 cipery‚
1340 2746 1531 2802 ciperi
1577 2745 1806 2789 scribitur.

1060 2830 1111 2836 -—
1149 2806 1442 2862 promisce
1484 2805 1620 2849 codd.
1654 2817 1805 2849 meum

1062 2869 1259 2920 ,‚porro“
1293 2864 1509 2910 hortatur
1540 2870 1588 2908 et
1619 2863 1680 2907 ad
1703 2862 1808 2908 mis—

1063 2925 1258 2969 cendum
1289 2930 1425 2981 urget
1458 2924 1601 2981 quasi.
