<?xml version="1.0" encoding="UTF-8"?>
<!DOCTYPE html PUBLIC "-//W3C//DTD XHTML 1.0 Transitional//EN"
    "http://www.w3.org/TR/xhtml1/DTD/xhtml1-transitional.dtd">
<html xmlns="http://www.w3.org/1999/xhtml" xml:lang="en" lang="en">
 <head>
  <title>
</title>
<meta http-equiv="Content-Type" content="text/html;charset=utf-8" />
  <meta name='ocr-system' content='tesseract 3.04.00' />
  <meta name='ocr-capabilities' content='ocr_page ocr_carea ocr_par ocr_line ocrx_word'/>
</head>
<body>
  <div class='ocr_page' id='page_1' title='image "./derecoquinarilib00apicrich_0169.png"; bbox 0 0 2066 3276; ppageno 0'>
   <div class='ocr_carea' id='block_1_1' title="bbox 722 221 1778 281">
    <p class='ocr_par' dir='ltr' id='par_1_1' title="bbox 722 221 1778 281">
     <span class='ocr_line' id='line_1_1' title="bbox 722 221 1778 281; baseline 0.008 -12"><span class='ocrx_word' id='word_1_1' title='bbox 722 222 822 269; x_wconf 89' lang='lat' dir='ltr'>Lib.</span> <span class='ocrx_word' id='word_1_2' title='bbox 844 222 968 270; x_wconf 85' lang='lat' dir='ltr'><strong>VIII.</strong></span> <span class='ocrx_word' id='word_1_3' title='bbox 1018 223 1263 281; x_wconf 81' lang='lat' dir='ltr'>Tetrapus.</span> <span class='ocrx_word' id='word_1_4' title='bbox 1674 221 1778 276; x_wconf 80' lang='lat'>165</span> 
     </span>
    </p>
   </div>
   <div class='ocr_carea' id='block_1_2' title="bbox 182 355 1783 1608">
    <p class='ocr_par' dir='ltr' id='par_1_2' title="bbox 182 355 1779 726">
     <span class='ocr_line' id='line_1_2' title="bbox 292 355 1776 427; baseline -0.003 -16"><span class='ocrx_word' id='word_1_5' title='bbox 292 359 415 412; x_wconf 88' lang='lat'><strong>360.</strong></span> <span class='ocrx_word' id='word_1_6' title='bbox 470 358 698 413; x_wconf 81' lang='lat' dir='ltr'><strong>Aliter</strong></span> <span class='ocrx_word' id='word_1_7' title='bbox 738 358 1057 413; x_wconf 89' lang='lat' dir='ltr'>aedinam</span> <span class='ocrx_word' id='word_1_8' title='bbox 1098 357 1247 410; x_wconf 85' lang='lat' dir='ltr'>sive</span> <span class='ocrx_word' id='word_1_9' title='bbox 1287 355 1619 427; x_wconf 77' lang='lat' dir='ltr'>agninam</span> <span class='ocrx_word' id='word_1_10' title='bbox 1661 372 1776 409; x_wconf 85' lang='lat' dir='ltr'>ex-</span> 
     </span>
     <span class='ocr_line' id='line_1_3' title="bbox 182 430 1777 498; baseline -0.003 -11"><span class='ocrx_word' id='word_1_11' title='bbox 182 433 567 487; x_wconf 90' lang='lat' dir='ltr'>caldatam:</span> <span class='ocrx_word' id='word_1_12' title='bbox 622 434 797 487; x_wconf 85' lang='lat' dir='ltr'>mittes</span> <span class='ocrx_word' id='word_1_13' title='bbox 849 434 905 486; x_wconf 92' lang='lat' dir='ltr'>in</span> <span class='ocrx_word' id='word_1_14' title='bbox 945 433 1236 486; x_wconf 88' lang='lat' dir='ltr'>caccabum</span> <span class='ocrx_word' id='word_1_15' title='bbox 1276 430 1526 498; x_wconf 89' lang='lat' dir='ltr'>copadia.</span> <span class='ocrx_word' id='word_1_16' title='bbox 1568 447 1777 498; x_wconf 87' lang='lat' dir='ltr'>cepam,</span> 
     </span>
     <span class='ocr_line' id='line_1_4' title="bbox 182 503 1779 575; baseline -0.004 -14"><span class='ocrx_word' id='word_1_17' title='bbox 182 506 521 561; x_wconf 76' lang='lat' dir='ltr'>coriandrum</span> <span class='ocrx_word' id='word_1_18' title='bbox 572 508 810 560; x_wconf 88' lang='lat' dir='ltr'>minutim</span> <span class='ocrx_word' id='word_1_19' title='bbox 862 506 1122 561; x_wconf 78' lang='lat' dir='ltr'><strong>succides.</strong></span> <span class='ocrx_word' id='word_1_20' title='bbox 1165 510 1306 559; x_wconf 89' lang='lat' dir='ltr'>teres</span> <span class='ocrx_word' id='word_1_21' title='bbox 1358 505 1538 575; x_wconf 81' lang='lat' dir='ltr'>piper3</span> <span class='ocrx_word' id='word_1_22' title='bbox 1593 503 1779 571; x_wconf 84' lang='lat' dir='ltr'>ligisti-</span> 
     </span>
     <span class='ocr_line' id='line_1_5' title="bbox 183 579 1777 648; baseline -0.003 -13"><span class='ocrx_word' id='word_1_23' title='bbox 183 599 319 647; x_wconf 90' lang='lat' dir='ltr'>cum,</span> <span class='ocrx_word' id='word_1_24' title='bbox 389 581 652 648; x_wconf 85' lang='lat' dir='ltr'>ciminum,</span> <span class='ocrx_word' id='word_1_25' title='bbox 707 582 992 648; x_wconf 77' lang='lat' dir='ltr'>liquamen,</span> <span class='ocrx_word' id='word_1_26' title='bbox 1048 581 1239 646; x_wconf 88' lang='lat' dir='ltr'>oleum,</span> <span class='ocrx_word' id='word_1_27' title='bbox 1293 579 1487 633; x_wconf 85' lang='lat' dir='ltr'>vinum.</span> <span class='ocrx_word' id='word_1_28' title='bbox 1562 591 1777 645; x_wconf 79' lang='lat' dir='ltr'>coques,</span> 
     </span>
     <span class='ocr_line' id='line_1_6' title="bbox 185 653 1280 726; baseline -0.004 -18"><span class='ocrx_word' id='word_1_29' title='bbox 185 655 462 709; x_wconf 82' lang='lat' dir='ltr'>exinanics</span> <span class='ocrx_word' id='word_1_30' title='bbox 502 655 554 706; x_wconf 88' lang='lat' dir='ltr'>in</span> <span class='ocrx_word' id='word_1_31' title='bbox 595 655 794 723; x_wconf 88' lang='lat' dir='ltr'>patina,</span> <span class='ocrx_word' id='word_1_32' title='bbox 837 656 1014 708; x_wconf 90' lang='lat' dir='ltr'>amolo</span> <span class='ocrx_word' id='word_1_33' title='bbox 1057 653 1280 726; x_wconf 78' lang='lat' dir='ltr'>obligas,</span> 
     </span>
    </p>

    <p class='ocr_par' dir='ltr' id='par_1_3' title="bbox 183 724 1780 947">
     <span class='ocr_line' id='line_1_7' title="bbox 296 724 1778 794; baseline -0.003 -13"><span class='ocrx_word' id='word_1_34' title='bbox 296 730 419 781; x_wconf 87' lang='grc'><strong>361.</strong></span> <span class='ocrx_word' id='word_1_35' title='bbox 462 729 630 781; x_wconf 79' lang='lat' dir='ltr'><strong>Aliter</strong></span> <span class='ocrx_word' id='word_1_36' title='bbox 671 729 918 782; x_wconf 90' lang='lat' dir='ltr'>aedinam</span> <span class='ocrx_word' id='word_1_37' title='bbox 958 729 1072 781; x_wconf 89' lang='lat' dir='ltr'>sive</span> <span class='ocrx_word' id='word_1_38' title='bbox 1112 727 1367 794; x_wconf 79' lang='lat' dir='ltr'>agninam</span> <span class='ocrx_word' id='word_1_39' title='bbox 1409 724 1778 779; x_wconf 82' lang='lat' dir='ltr'>excaldatam:</span> 
     </span>
     <span class='ocr_line' id='line_1_8' title="bbox 183 799 1780 871; baseline -0.003 -16"><span class='ocrx_word' id='word_1_40' title='bbox 183 803 382 871; x_wconf 83' lang='lat' dir='ltr'>agnina</span> <span class='ocrx_word' id='word_1_41' title='bbox 422 802 586 855; x_wconf 89' lang='lat' dir='ltr'>cruda</span> <span class='ocrx_word' id='word_1_42' title='bbox 637 803 875 854; x_wconf 82' lang='lat' dir='ltr'>trituram</span> <span class='ocrx_word' id='word_1_43' title='bbox 915 801 1130 854; x_wconf 85' lang='lat' dir='ltr'>mortari</span> <span class='ocrx_word' id='word_1_44' title='bbox 1171 800 1419 868; x_wconf 84' lang='lat' dir='ltr'>accipere</span> <span class='ocrx_word' id='word_1_45' title='bbox 1461 799 1639 866; x_wconf 84' lang='lat' dir='ltr'>debet,</span> <span class='ocrx_word' id='word_1_46' title='bbox 1694 815 1780 853; x_wconf 90' lang='lat' dir='ltr'>ca-</span> 
     </span>
     <span class='ocr_line' id='line_1_9' title="bbox 184 874 1524 947; baseline -0.002 -18"><span class='ocrx_word' id='word_1_47' title='bbox 184 877 336 947; x_wconf 87' lang='lat' dir='ltr'>prina</span> <span class='ocrx_word' id='word_1_48' title='bbox 375 881 552 928; x_wconf 89' lang='lat' dir='ltr'>autem</span> <span class='ocrx_word' id='word_1_49' title='bbox 595 893 712 929; x_wconf 87' lang='lat' dir='ltr'>cum</span> <span class='ocrx_word' id='word_1_50' title='bbox 754 876 995 942; x_wconf 80' lang='lat' dir='ltr'>coquitur</span> <span class='ocrx_word' id='word_1_51' title='bbox 1035 875 1231 942; x_wconf 91' lang='lat' dir='ltr'>accipit</span> <span class='ocrx_word' id='word_1_52' title='bbox 1268 874 1524 926; x_wconf 86' lang='lat' dir='ltr'>trituram.</span> 
     </span>
    </p>

    <p class='ocr_par' dir='ltr' id='par_1_4' title="bbox 183 945 1783 1315">
     <span class='ocr_line' id='line_1_10' title="bbox 296 945 1783 1018; baseline -0.002 -16"><span class='ocrx_word' id='word_1_53' title='bbox 296 951 418 1002; x_wconf 81' lang='grc'><strong>362.</strong></span> <span class='ocrx_word' id='word_1_54' title='bbox 485 949 742 1002; x_wconf 87' lang='lat' dir='ltr'>Aedum</span> <span class='ocrx_word' id='word_1_55' title='bbox 796 949 948 1003; x_wconf 89' lang='lat' dir='ltr'>sive</span> <span class='ocrx_word' id='word_1_56' title='bbox 1003 965 1250 1016; x_wconf 80' lang='lat' dir='ltr'>agnum</span> <span class='ocrx_word' id='word_1_57' title='bbox 1302 963 1558 1000; x_wconf 88' lang='lat' dir='ltr'>assum:</span> <span class='ocrx_word' id='word_1_58' title='bbox 1642 945 1783 1018; x_wconf 89' lang='lat' dir='ltr'>[aedi</span> 
     </span>
     <span class='ocr_line' id='line_1_11' title="bbox 185 1020 1780 1093; baseline -0.003 -17"><span class='ocrx_word' id='word_1_59' title='bbox 185 1020 471 1093; x_wconf 85' lang='lat' dir='ltr'>cocturam]</span> <span class='ocrx_word' id='word_1_60' title='bbox 525 1024 615 1081; x_wconf 83' lang='lat' dir='ltr'>ubi</span> <span class='ocrx_word' id='word_1_61' title='bbox 670 1041 787 1076; x_wconf 91' lang='lat' dir='ltr'>cum</span> <span class='ocrx_word' id='word_1_62' title='bbox 845 1040 912 1076; x_wconf 75' lang='lat' dir='ltr'>ex</span> <span class='ocrx_word' id='word_1_63' title='bbox 964 1022 1255 1090; x_wconf 82' lang='lat' dir='ltr'>liquamine</span> <span class='ocrx_word' id='word_1_64' title='bbox 1298 1025 1350 1074; x_wconf 89' lang='lat' dir='ltr'>et</span> <span class='ocrx_word' id='word_1_65' title='bbox 1391 1022 1509 1073; x_wconf 92' lang='lat' dir='ltr'>oleo</span> <span class='ocrx_word' id='word_1_66' title='bbox 1553 1020 1780 1087; x_wconf 80' lang='lat' dir='ltr'>coxeriS,</span> 
     </span>
     <span class='ocr_line' id='line_1_12' title="bbox 184 1095 1780 1166; baseline -0.002 -16"><span class='ocrx_word' id='word_1_67' title='bbox 184 1098 406 1151; x_wconf 90' lang='lat' dir='ltr'>incisum</span> <span class='ocrx_word' id='word_1_68' title='bbox 446 1097 694 1150; x_wconf 82' lang='lat' dir='ltr'>infundes</span> <span class='ocrx_word' id='word_1_69' title='bbox 735 1098 789 1149; x_wconf 90' lang='lat' dir='ltr'>in</span> <span class='ocrx_word' id='word_1_70' title='bbox 828 1097 1033 1166; x_wconf 81' lang='lat' dir='ltr'>pipere,</span> <span class='ocrx_word' id='word_1_71' title='bbox 1075 1096 1269 1162; x_wconf 89' lang='lat' dir='ltr'>lasare,</span> <span class='ocrx_word' id='word_1_72' title='bbox 1310 1095 1616 1162; x_wconf 81' lang='lat' dir='ltr'>liquamine,</span> <span class='ocrx_word' id='word_1_73' title='bbox 1661 1095 1780 1148; x_wconf 90' lang='lat' dir='ltr'>olco</span> 
     </span>
     <span class='ocr_line' id='line_1_13' title="bbox 183 1167 1781 1225; baseline -0.003 -1"><span class='ocrx_word' id='word_1_74' title='bbox 183 1172 393 1225; x_wconf 90' lang='lat' dir='ltr'>modico</span> <span class='ocrx_word' id='word_1_75' title='bbox 438 1175 490 1224; x_wconf 87' lang='lat' dir='ltr'>et</span> <span class='ocrx_word' id='word_1_76' title='bbox 528 1171 581 1223; x_wconf 90' lang='lat' dir='ltr'>in</span> <span class='ocrx_word' id='word_1_77' title='bbox 623 1171 877 1225; x_wconf 88' lang='lat' dir='ltr'>craticula</span> <span class='ocrx_word' id='word_1_78' title='bbox 919 1171 1142 1224; x_wconf 78' lang='lat' dir='ltr'>assabis,</span> <span class='ocrx_word' id='word_1_79' title='bbox 1189 1168 1383 1224; x_wconf 89' lang='lat' dir='ltr'>eodem</span> <span class='ocrx_word' id='word_1_80' title='bbox 1422 1168 1537 1222; x_wconf 89' lang='lat' dir='ltr'>iure</span> <span class='ocrx_word' id='word_1_81' title='bbox 1580 1167 1781 1223; x_wconf 88' lang='lat' dir='ltr'>contin-</span> 
     </span>
     <span class='ocr_line' id='line_1_14' title="bbox 185 1244 1129 1315; baseline -0.002 -16"><span class='ocrx_word' id='word_1_82' title='bbox 185 1263 295 1313; x_wconf 80' lang='lat' dir='ltr'>ges,</span> <span class='ocrx_word' id='word_1_83' title='bbox 339 1245 494 1315; x_wconf 86' lang='lat' dir='ltr'>piper</span> <span class='ocrx_word' id='word_1_84' title='bbox 534 1245 780 1313; x_wconf 79' lang='lat' dir='ltr'>aspargis</span> <span class='ocrx_word' id='word_1_85' title='bbox 824 1254 876 1299; x_wconf 84' lang='lat' dir='ltr'>ct</span> <span class='ocrx_word' id='word_1_86' title='bbox 914 1244 1129 1298; x_wconf 81' lang='lat' dir='ltr'>inferes,</span> 
     </span>
    </p>

    <p class='ocr_par' dir='ltr' id='par_1_5' title="bbox 184 1315 1783 1608">
     <span class='ocr_line' id='line_1_15' title="bbox 297 1315 1783 1386; baseline -0.003 -15"><span class='ocrx_word' id='word_1_87' title='bbox 297 1321 420 1371; x_wconf 82' lang='lat'><strong>363.</strong></span> <span class='ocrx_word' id='word_1_88' title='bbox 478 1319 644 1372; x_wconf 84' lang='lat' dir='ltr'>Aliter</span> <span class='ocrx_word' id='word_1_89' title='bbox 692 1319 885 1372; x_wconf 88' lang='lat' dir='ltr'>aedum</span> <span class='ocrx_word' id='word_1_90' title='bbox 924 1320 1038 1372; x_wconf 89' lang='lat' dir='ltr'>sive</span> <span class='ocrx_word' id='word_1_91' title='bbox 1079 1334 1278 1385; x_wconf 84' lang='lat' dir='ltr'>agnum</span> <span class='ocrx_word' id='word_1_92' title='bbox 1318 1333 1524 1370; x_wconf 87' lang='lat' dir='ltr'>assum:</span> <span class='ocrx_word' id='word_1_93' title='bbox 1580 1315 1783 1386; x_wconf 87' lang='lat' dir='ltr'>piperis</span> 
     </span>
     <span class='ocr_line' id='line_1_16' title="bbox 184 1389 1783 1461; baseline -0.003 -15"><span class='ocrx_word' id='word_1_94' title='bbox 184 1393 528 1459; x_wconf 80' lang='lat' dir='ltr'>semunciam,</span> <span class='ocrx_word' id='word_1_95' title='bbox 570 1410 788 1446; x_wconf 87' lang='lat' dir='ltr'>asa1·eos</span> <span class='ocrx_word' id='word_1_96' title='bbox 829 1393 1091 1461; x_wconf 89' lang='lat' dir='ltr'>scripulos</span> <span class='ocrx_word' id='word_1_97' title='bbox 1130 1393 1220 1444; x_wconf 92' lang='lat' dir='ltr'>VI.</span> <span class='ocrx_word' id='word_1_98' title='bbox 1276 1390 1573 1458; x_wconf 80' lang='lat' dir='ltr'>gingiberis</span> <span class='ocrx_word' id='word_1_99' title='bbox 1613 1389 1783 1442; x_wconf 91' lang='lat' dir='ltr'>modi-</span> 
     </span>
     <span class='ocr_line' id='line_1_17' title="bbox 187 1463 1783 1535; baseline -0.004 -14"><span class='ocrx_word' id='word_1_100' title='bbox 187 1484 320 1532; x_wconf 85' lang='lat' dir='ltr'>cum,</span> <span class='ocrx_word' id='word_1_101' title='bbox 376 1467 670 1534; x_wconf 84' lang='lat' dir='ltr'>petrosilini</span> <span class='ocrx_word' id='word_1_102' title='bbox 722 1467 983 1535; x_wconf 87' lang='lat' dir='ltr'>scripulos</span> <span class='ocrx_word' id='word_1_103' title='bbox 1024 1467 1113 1519; x_wconf 92' lang='lat' dir='ltr'>VI.</span> <span class='ocrx_word' id='word_1_104' title='bbox 1166 1466 1357 1518; x_wconf 85' lang='lat' dir='ltr'>lasaris</span> <span class='ocrx_word' id='word_1_105' title='bbox 1397 1464 1681 1531; x_wconf 88' lang='lat' dir='ltr'>modicum,</span> <span class='ocrx_word' id='word_1_106' title='bbox 1723 1463 1783 1515; x_wconf 92' lang='lat' dir='ltr'>li-</span> 
     </span>
     <span class='ocr_line' id='line_1_18' title="bbox 187 1539 1499 1608; baseline -0.002 -16"><span class='ocrx_word' id='word_1_107' title='bbox 187 1540 446 1607; x_wconf 87' lang='lat' dir='ltr'>quaminis</span> <span class='ocrx_word' id='word_1_108' title='bbox 489 1541 672 1608; x_wconf 89' lang='lat' dir='ltr'>optimi</span> <span class='ocrx_word' id='word_1_109' title='bbox 714 1541 958 1607; x_wconf 90' lang='lat' dir='ltr'>eminam,</span> <span class='ocrx_word' id='word_1_110' title='bbox 1003 1540 1105 1593; x_wconf 90' lang='lat' dir='ltr'>olei</span> <span class='ocrx_word' id='word_1_111' title='bbox 1146 1539 1499 1593; x_wconf 87' lang='lat' dir='ltr'>acetabulum.</span> 
     </span>
    </p>
   </div>
   <div class='ocr_carea' id='block_1_3' title="bbox 179 1671 938 2899">
    <p class='ocr_par' dir='ltr' id='par_1_6' title="bbox 179 1671 938 2899">
     <span class='ocr_line' id='line_1_19' title="bbox 187 1671 936 1724; baseline -0.003 -7"><span class='ocrx_word' id='word_1_112' title='bbox 187 1687 310 1717; x_wconf 90' lang='lat' dir='ltr'>cum</span> <span class='ocrx_word' id='word_1_113' title='bbox 343 1672 458 1724; x_wconf 88' lang='lat' dir='ltr'>fas,</span> <span class='ocrx_word' id='word_1_114' title='bbox 499 1672 656 1716; x_wconf 78' lang='lat' dir='ltr'>col-is</span> <span class='ocrx_word' id='word_1_115' title='bbox 689 1671 936 1716; x_wconf 85' lang='lat' dir='ltr'>horaea-</span> 
     </span>
     <span class='ocr_line' id='line_1_20' title="bbox 186 1732 936 1787; baseline -0.003 -11"><span class='ocrx_word' id='word_1_116' title='bbox 186 1733 293 1776; x_wconf 85' lang='lat' dir='ltr'>riis</span> <span class='ocrx_word' id='word_1_117' title='bbox 340 1733 442 1775; x_wconf 84' lang='lat'><strong>318.</strong></span> <span class='ocrx_word' id='word_1_118' title='bbox 492 1737 539 1775; x_wconf 86' lang='lat' dir='ltr'>et</span> <span class='ocrx_word' id='word_1_119' title='bbox 582 1732 734 1776; x_wconf 87' lang='lat' dir='ltr'>colis</span> <span class='ocrx_word' id='word_1_120' title='bbox 777 1744 936 1787; x_wconf 86' lang='lat' dir='ltr'>para,</span> 
     </span>
     <span class='ocr_line' id='line_1_21' title="bbox 188 1790 937 1842; baseline -0.003 -7"><span class='ocrx_word' id='word_1_121' title='bbox 188 1792 400 1835; x_wconf 87' lang='lat' dir='ltr'>caricis</span> <span class='ocrx_word' id='word_1_122' title='bbox 445 1795 491 1835; x_wconf 87' lang='lat' dir='ltr'>et</span> <span class='ocrx_word' id='word_1_123' title='bbox 536 1791 593 1835; x_wconf 92' lang='lat' dir='ltr'>de</span> <span class='ocrx_word' id='word_1_124' title='bbox 627 1791 799 1842; x_wconf 87' lang='lat' dir='ltr'>coliris,</span> <span class='ocrx_word' id='word_1_125' title='bbox 843 1790 937 1834; x_wconf 91' lang='lat' dir='ltr'>col-</span> 
     </span>
     <span class='ocr_line' id='line_1_22' title="bbox 187 1848 937 1908; baseline -0.003 -14"><span class='ocrx_word' id='word_1_126' title='bbox 187 1852 298 1908; x_wconf 88' lang='lat' dir='ltr'>lyris</span> <span class='ocrx_word' id='word_1_127' title='bbox 331 1849 560 1901; x_wconf 86' lang='lat' dir='ltr'>farrarcis‚</span> <span class='ocrx_word' id='word_1_128' title='bbox 594 1848 771 1901; x_wconf 72' lang='lat' dir='ltr'>sancis,</span> <span class='ocrx_word' id='word_1_129' title='bbox 804 1850 937 1906; x_wconf 85' lang='lat' dir='ltr'>panis</span> 
     </span>
     <span class='ocr_line' id='line_1_23' title="bbox 186 1910 936 1967; baseline -0.001 -13"><span class='ocrx_word' id='word_1_130' title='bbox 186 1923 356 1967; x_wconf 86' lang='lat' dir='ltr'>genere</span> <span class='ocrx_word' id='word_1_131' title='bbox 376 1910 594 1965; x_wconf 84' lang='lat' dir='ltr'>cogitavi.</span> <span class='ocrx_word' id='word_1_132' title='bbox 615 1935 667 1939; x_wconf 82' lang='lat'><strong>—</strong></span> <span class='ocrx_word' id='word_1_133' title='bbox 687 1924 712 1954; x_wconf 91' lang='lat' dir='ltr'>e</span> <span class='ocrx_word' id='word_1_134' title='bbox 726 1910 807 1953; x_wconf 92' lang='lat' dir='ltr'>mb</span> <span class='ocrx_word' id='word_1_135' title='bbox 821 1922 879 1952; x_wconf 86' lang='lat' dir='ltr'>ra</span> <span class='ocrx_word' id='word_1_136' title='bbox 894 1922 936 1953; x_wconf 91' lang='lat' dir='ltr'>c-</span> 
     </span>
     <span class='ocr_line' id='line_1_24' title="bbox 188 1968 936 2024; baseline -0.004 -10"><span class='ocrx_word' id='word_1_137' title='bbox 188 1975 247 2014; x_wconf 92' lang='lat' dir='ltr'>to</span> <span class='ocrx_word' id='word_1_138' title='bbox 280 1982 376 2024; x_wconf 87' lang='lat' dir='ltr'>par.</span> <span class='ocrx_word' id='word_1_139' title='bbox 421 1968 702 2012; x_wconf 85' lang='lat' dir='ltr'>inbracto</span> <span class='ocrx_word' id='word_1_140' title='bbox 738 1972 806 2013; x_wconf 65' lang='grc' dir='ltr'>θκ.</span> <span class='ocrx_word' id='word_1_141' title='bbox 850 1970 936 2013; x_wconf 90' lang='lat' dir='ltr'>in-</span> 
     </span>
     <span class='ocr_line' id='line_1_25' title="bbox 179 2028 934 2076; baseline -0.005 -3"><span class='ocrx_word' id='word_1_142' title='bbox 179 2030 390 2073; x_wconf 86' lang='lat' dir='ltr'>bratto</span> <span class='ocrx_word' id='word_1_143' title='bbox 454 2030 475 2076; x_wconf 82' lang='grc' dir='ltr'>ζ</span> <span class='ocrx_word' id='word_1_144' title='bbox 535 2028 799 2072; x_wconf 84' lang='lat' dir='ltr'>imbrato</span> <span class='ocrx_word' id='word_1_145' title='bbox 863 2028 934 2072; x_wconf 91' lang='lat' dir='ltr'>ed.</span> 
     </span>
     <span class='ocr_line' id='line_1_26' title="bbox 182 2088 937 2142; baseline -0.001 -11"><span class='ocrx_word' id='word_1_146' title='bbox 182 2088 301 2132; x_wconf 84' lang='lat' dir='ltr'>med..</span> <span class='ocrx_word' id='word_1_147' title='bbox 351 2101 444 2131; x_wconf 84' lang='lat' dir='ltr'>vox</span> <span class='ocrx_word' id='word_1_148' title='bbox 490 2099 660 2142; x_wconf 80' lang='lat' dir='ltr'>graeca</span> <span class='ocrx_word' id='word_1_149' title='bbox 721 2092 793 2131; x_wconf 89' lang='lat' dir='ltr'>est</span> <span class='ocrx_word' id='word_1_150' title='bbox 846 2101 937 2131; x_wconf 88' lang='lat' dir='ltr'>em-</span> 
     </span>
     <span class='ocr_line' id='line_1_27' title="bbox 182 2145 934 2202; baseline -0.008 -12"><span class='ocrx_word' id='word_1_151' title='bbox 182 2147 439 2202; x_wconf 86' lang='lat' dir='ltr'>phractum,</span> <span class='ocrx_word' id='word_1_152' title='bbox 486 2152 534 2189; x_wconf 85' lang='lat' dir='ltr'>et</span> <span class='ocrx_word' id='word_1_153' title='bbox 567 2147 606 2190; x_wconf 84' lang='lat' dir='ltr'>si</span> <span class='ocrx_word' id='word_1_154' title='bbox 639 2145 698 2190; x_wconf 87' lang='lat' dir='ltr'>ab</span> <span class='ocrx_word' id='word_1_155' title='bbox 734 2145 934 2199; x_wconf 73' lang='grc' dir='ltr'><strong><em>ἐμφράσ-</em></strong></span> 
     </span>
     <span class='ocr_line' id='line_1_28' title="bbox 183 2201 937 2260; baseline 0.005 -16"><span class='ocrx_word' id='word_1_156' title='bbox 183 2221 267 2245; x_wconf 66' lang='grc' dir='ltr'>σειν</span> <span class='ocrx_word' id='word_1_157' title='bbox 309 2204 475 2249; x_wconf 86' lang='lat' dir='ltr'>farcire</span> <span class='ocrx_word' id='word_1_158' title='bbox 521 2205 717 2254; x_wconf 72' lang='lat' dir='ltr'>derives,</span> <span class='ocrx_word' id='word_1_159' title='bbox 760 2201 937 2260; x_wconf 83' lang='lat' dir='ltr'>signifi-</span> 
     </span>
     <span class='ocr_line' id='line_1_29' title="bbox 183 2263 938 2322; baseline -0.003 -13"><span class='ocrx_word' id='word_1_160' title='bbox 183 2269 259 2309; x_wconf 87' lang='lat' dir='ltr'>cat</span> <span class='ocrx_word' id='word_1_161' title='bbox 307 2263 492 2315; x_wconf 86' lang='lat' dir='ltr'>fartum,</span> <span class='ocrx_word' id='word_1_162' title='bbox 549 2264 732 2322; x_wconf 88' lang='lat' dir='ltr'>obsonii</span> <span class='ocrx_word' id='word_1_163' title='bbox 790 2264 938 2307; x_wconf 88' lang='lat' dir='ltr'>intriti</span> 
     </span>
     <span class='ocr_line' id='line_1_30' title="bbox 182 2322 934 2379; baseline -0.003 -12"><span class='ocrx_word' id='word_1_164' title='bbox 182 2337 327 2379; x_wconf 82' lang='lat' dir='ltr'>genus</span> <span class='ocrx_word' id='word_1_165' title='bbox 372 2323 507 2378; x_wconf 84' lang='lat' dir='ltr'>quale</span> <span class='ocrx_word' id='word_1_166' title='bbox 549 2328 621 2366; x_wconf 87' lang='lat' dir='ltr'>est</span> <span class='ocrx_word' id='word_1_167' title='bbox 662 2322 762 2365; x_wconf 79' lang='lat'>444.</span> <span class='ocrx_word' id='word_1_168' title='bbox 805 2324 843 2366; x_wconf 88' lang='lat' dir='ltr'>si</span> <span class='ocrx_word' id='word_1_169' title='bbox 875 2323 934 2366; x_wconf 91' lang='lat' dir='ltr'>ab</span> 
     </span>
     <span class='ocr_line' id='line_1_31' title="bbox 183 2381 934 2438; baseline 0.004 -17"><span class='ocrx_word' id='word_1_170' title='bbox 183 2382 423 2438; x_wconf 69' lang='grc' dir='ltr'>ἕμβρέχειν,</span> <span class='ocrx_word' id='word_1_171' title='bbox 484 2381 607 2425; x_wconf 89' lang='lat' dir='ltr'>idem</span> <span class='ocrx_word' id='word_1_172' title='bbox 661 2381 757 2425; x_wconf 87' lang='lat' dir='ltr'>fere</span> <span class='ocrx_word' id='word_1_173' title='bbox 806 2381 934 2437; x_wconf 89' lang='lat' dir='ltr'>quod</span> 
     </span>
     <span class='ocr_line' id='line_1_32' title="bbox 182 2440 934 2485; baseline -0.003 0"><span class='ocrx_word' id='word_1_174' title='bbox 182 2442 442 2485; x_wconf 89' lang='lat' dir='ltr'>cmbamma</span> <span class='ocrx_word' id='word_1_175' title='bbox 473 2440 573 2484; x_wconf 77' lang='lat'><strong>347.</strong></span> <span class='ocrx_word' id='word_1_176' title='bbox 619 2441 658 2483; x_wconf 93' lang='lat' dir='ltr'>si</span> <span class='ocrx_word' id='word_1_177' title='bbox 690 2441 829 2484; x_wconf 86' lang='lat' dir='ltr'>lectio</span> <span class='ocrx_word' id='word_1_178' title='bbox 862 2453 934 2484; x_wconf 89' lang='lat' dir='ltr'>sa-</span> 
     </span>
     <span class='ocr_line' id='line_1_33' title="bbox 181 2500 934 2555; baseline 0 -12"><span class='ocrx_word' id='word_1_179' title='bbox 181 2513 254 2551; x_wconf 88' lang='lat' dir='ltr'>na,</span> <span class='ocrx_word' id='word_1_180' title='bbox 299 2500 463 2555; x_wconf 88' lang='lat' dir='ltr'>supple</span> <span class='ocrx_word' id='word_1_181' title='bbox 509 2500 727 2551; x_wconf 87' lang='lat' dir='ltr'>„misces“</span> <span class='ocrx_word' id='word_1_182' title='bbox 773 2504 820 2543; x_wconf 87' lang='lat' dir='ltr'>et</span> <span class='ocrx_word' id='word_1_183' title='bbox 857 2512 934 2543; x_wconf 82' lang='lat' dir='ltr'>ex-</span> 
     </span>
     <span class='ocr_line' id='line_1_34' title="bbox 181 2558 934 2614; baseline 0 -13"><span class='ocrx_word' id='word_1_184' title='bbox 181 2559 325 2614; x_wconf 85' lang='lat' dir='ltr'>plica:</span> <span class='ocrx_word' id='word_1_185' title='bbox 359 2558 421 2602; x_wconf 86' lang='lat' dir='ltr'>ad</span> <span class='ocrx_word' id='word_1_186' title='bbox 453 2559 501 2602; x_wconf 87' lang='lat' dir='ltr'>id</span> <span class='ocrx_word' id='word_1_187' title='bbox 525 2560 594 2602; x_wconf 86' lang='lat' dir='ltr'>ius</span> <span class='ocrx_word' id='word_1_188' title='bbox 619 2559 802 2614; x_wconf 77' lang='lat' dir='ltr'>spargis</span> <span class='ocrx_word' id='word_1_189' title='bbox 827 2571 934 2602; x_wconf 85' lang='lat' dir='ltr'>con-</span> 
     </span>
     <span class='ocr_line' id='line_1_35' title="bbox 181 2616 932 2672; baseline -0.001 -11"><span class='ocrx_word' id='word_1_190' title='bbox 181 2618 379 2662; x_wconf 85' lang='lat' dir='ltr'>fractum</span> <span class='ocrx_word' id='word_1_191' title='bbox 397 2618 467 2661; x_wconf 84' lang='lat'>53.</span> <span class='ocrx_word' id='word_1_192' title='bbox 497 2616 709 2667; x_wconf 78' lang='lat' dir='ltr'>fractum,</span> <span class='ocrx_word' id='word_1_193' title='bbox 729 2622 932 2672; x_wconf 84' lang='lat' dir='ltr'>coptum,</span> 
     </span>
     <span class='ocr_line' id='line_1_36' title="bbox 180 2677 932 2732; baseline -0.003 -11"><span class='ocrx_word' id='word_1_194' title='bbox 180 2682 232 2721; x_wconf 91' lang='lat' dir='ltr'>ut</span> <span class='ocrx_word' id='word_1_195' title='bbox 279 2678 340 2721; x_wconf 92' lang='lat' dir='ltr'>sit</span> <span class='ocrx_word' id='word_1_196' title='bbox 388 2677 621 2720; x_wconf 86' lang='lat' dir='ltr'>amulandi</span> <span class='ocrx_word' id='word_1_197' title='bbox 668 2689 827 2732; x_wconf 81' lang='lat' dir='ltr'>genus.</span> <span class='ocrx_word' id='word_1_198' title='bbox 878 2701 932 2705; x_wconf 88' lang='lat'>—-</span> 
     </span>
     <span class='ocr_line' id='line_1_37' title="bbox 180 2735 933 2786; baseline -0.003 -6"><span class='ocrx_word' id='word_1_199' title='bbox 180 2736 459 2780; x_wconf 86' lang='lat' dir='ltr'>bocellas</span> <span class='ocrx_word' id='word_1_200' title='bbox 521 2739 655 2786; x_wconf 69' lang='grc' dir='ltr'><strong>βθκπ.</strong></span> <span class='ocrx_word' id='word_1_201' title='bbox 733 2740 783 2778; x_wconf 86' lang='lat' dir='ltr'>ut</span> <span class='ocrx_word' id='word_1_202' title='bbox 844 2735 933 2778; x_wconf 91' lang='lat' dir='ltr'>mci</span> 
     </span>
     <span class='ocr_line' id='line_1_38' title="bbox 181 2790 932 2846; baseline 0 -9"><span class='ocrx_word' id='word_1_203' title='bbox 181 2799 340 2838; x_wconf 85' lang='lat' dir='ltr'>amant</span> <span class='ocrx_word' id='word_1_204' title='bbox 372 2795 525 2846; x_wconf 85' lang='lat' dir='ltr'>volva,</span> <span class='ocrx_word' id='word_1_205' title='bbox 559 2794 776 2844; x_wconf 86' lang='lat' dir='ltr'>ramolus‚</span> <span class='ocrx_word' id='word_1_206' title='bbox 803 2790 932 2837; x_wconf 88' lang='lat' dir='ltr'>fisto-</span> 
     </span>
     <span class='ocr_line' id='line_1_39' title="bbox 181 2851 931 2899; baseline -0.001 -2"><span class='ocrx_word' id='word_1_207' title='bbox 181 2854 238 2898; x_wconf 90' lang='lat' dir='ltr'>la.</span> <span class='ocrx_word' id='word_1_208' title='bbox 275 2854 452 2899; x_wconf 77' lang='lat' dir='ltr'>conIeci</span> <span class='ocrx_word' id='word_1_209' title='bbox 485 2851 931 2897; x_wconf 78' lang='lat' dir='ltr'>tumimbricito</span> 
     </span>
    </p>
   </div>
   <div class='ocr_carea' id='block_1_4' title="bbox 1030 1670 1784 1848">
    <p class='ocr_par' dir='ltr' id='par_1_7' title="bbox 1030 1670 1784 1848">
     <span class='ocr_line' id='line_1_40' title="bbox 1031 1670 1784 1726; baseline -0.004 -10"><span class='ocrx_word' id='word_1_210' title='bbox 1031 1671 1061 1716; x_wconf 88' lang='lat' dir='ltr'>b</span> <span class='ocrx_word' id='word_1_211' title='bbox 1079 1685 1105 1715; x_wconf 92' lang='lat' dir='ltr'>u</span> <span class='ocrx_word' id='word_1_212' title='bbox 1121 1684 1158 1715; x_wconf 91' lang='lat' dir='ltr'>c.</span> <span class='ocrx_word' id='word_1_213' title='bbox 1191 1671 1237 1714; x_wconf 90' lang='lat' dir='ltr'>in</span> <span class='ocrx_word' id='word_1_214' title='bbox 1268 1671 1456 1714; x_wconf 87' lang='lat' dir='ltr'>modum</span> <span class='ocrx_word' id='word_1_215' title='bbox 1481 1670 1639 1714; x_wconf 86' lang='lat' dir='ltr'>imbris</span> <span class='ocrx_word' id='word_1_216' title='bbox 1656 1682 1784 1726; x_wconf 88' lang='lat' dir='ltr'>spar-</span> 
     </span>
     <span class='ocr_line' id='line_1_41' title="bbox 1030 1728 1670 1787; baseline -0.009 -13"><span class='ocrx_word' id='word_1_217' title='bbox 1030 1731 1131 1787; x_wconf 86' lang='lat' dir='ltr'>gito</span> <span class='ocrx_word' id='word_1_218' title='bbox 1165 1731 1327 1781; x_wconf 85' lang='lat' dir='ltr'>irrora,</span> <span class='ocrx_word' id='word_1_219' title='bbox 1360 1728 1670 1785; x_wconf 71' lang='grc' dir='ltr'>δρόσιζειραίνε.</span> 
     </span>
     <span class='ocr_line' id='line_1_42' title="bbox 1118 1803 1783 1848; baseline -0.002 -1"><span class='ocrx_word' id='word_1_220' title='bbox 1118 1804 1181 1848; x_wconf 83' lang='lat' dir='ltr'>ad</span> <span class='ocrx_word' id='word_1_221' title='bbox 1228 1804 1329 1848; x_wconf 90' lang='lat'><strong>360.</strong></span> <span class='ocrx_word' id='word_1_222' title='bbox 1394 1803 1783 1847; x_wconf 84' lang='lat' dir='ltr'>excaldatam</span> 
     </span>
    </p>
   </div>
   <div class='ocr_carea' id='block_1_5' title="bbox 1029 1863 1860 1914">
    <p class='ocr_par' dir='ltr' id='par_1_8' title="bbox 1029 1863 1860 1914">
     <span class='ocr_line' id='line_1_43' title="bbox 1029 1863 1860 1914; baseline -0.001 -7"><span class='ocrx_word' id='word_1_223' title='bbox 1029 1868 1081 1907; x_wconf 86' lang='lat' dir='ltr'>ut</span> <span class='ocrx_word' id='word_1_224' title='bbox 1111 1864 1211 1907; x_wconf 88' lang='lat'><strong>361.</strong></span> <span class='ocrx_word' id='word_1_225' title='bbox 1248 1863 1352 1907; x_wconf 89' lang='lat' dir='ltr'>coll.</span> <span class='ocrx_word' id='word_1_226' title='bbox 1391 1864 1489 1906; x_wconf 81' lang='grc'><strong>137.</strong></span> <span class='ocrx_word' id='word_1_227' title='bbox 1518 1875 1610 1906; x_wconf 89' lang='lat' dir='ltr'>non</span> <span class='ocrx_word' id='word_1_228' title='bbox 1630 1863 1783 1906; x_wconf 86' lang='lat' dir='ltr'>calida</span> <span class='ocrx_word' id='word_1_229' title='bbox 1853 1908 1860 1914; x_wconf 61' lang='lat'>,</span> 
     </span>
    </p>
   </div>
   <div class='ocr_carea' id='block_1_6' title="bbox 1028 1922 1782 2203">
    <p class='ocr_par' dir='ltr' id='par_1_9' title="bbox 1028 1922 1782 2203">
     <span class='ocr_line' id='line_1_44' title="bbox 1028 1922 1782 1978; baseline -0.003 -12"><span class='ocrx_word' id='word_1_230' title='bbox 1028 1935 1152 1978; x_wconf 87' lang='lat' dir='ltr'>aqua</span> <span class='ocrx_word' id='word_1_231' title='bbox 1198 1922 1359 1973; x_wconf 88' lang='lat' dir='ltr'>lotam,</span> <span class='ocrx_word' id='word_1_232' title='bbox 1407 1926 1459 1966; x_wconf 85' lang='lat' dir='ltr'>ut</span> <span class='ocrx_word' id='word_1_233' title='bbox 1505 1922 1782 1978; x_wconf 84' lang='lat' dir='ltr'>amygdalas</span> 
     </span>
     <span class='ocr_line' id='line_1_45' title="bbox 1029 1981 1779 2036; baseline -0.004 -10"><span class='ocrx_word' id='word_1_234' title='bbox 1029 1982 1301 2026; x_wconf 86' lang='lat' dir='ltr'>excaldatas</span> <span class='ocrx_word' id='word_1_235' title='bbox 1333 1994 1408 2036; x_wconf 80' lang='lat' dir='ltr'>ap.</span> <span class='ocrx_word' id='word_1_236' title='bbox 1428 1981 1628 2025; x_wconf 85' lang='lat' dir='ltr'>Marcell.</span> <span class='ocrx_word' id='word_1_237' title='bbox 1647 1981 1779 2036; x_wconf 86' lang='lat' dir='ltr'>Emp.</span> 
     </span>
     <span class='ocr_line' id='line_1_46' title="bbox 1029 2040 1782 2096; baseline -0.001 -12"><span class='ocrx_word' id='word_1_238' title='bbox 1029 2042 1098 2084; x_wconf 76' lang='lat'>⁶26.</span> <span class='ocrx_word' id='word_1_239' title='bbox 1134 2041 1350 2096; x_wconf 78' lang='lat' dir='ltr'>explices,</span> <span class='ocrx_word' id='word_1_240' title='bbox 1393 2040 1478 2084; x_wconf 89' lang='lat' dir='ltr'>sed</span> <span class='ocrx_word' id='word_1_241' title='bbox 1509 2041 1555 2083; x_wconf 91' lang='lat' dir='ltr'>in</span> <span class='ocrx_word' id='word_1_242' title='bbox 1589 2052 1644 2084; x_wconf 85' lang='lat' dir='ltr'>ea</span> <span class='ocrx_word' id='word_1_243' title='bbox 1679 2053 1782 2084; x_wconf 91' lang='lat' dir='ltr'>coc-</span> 
     </span>
     <span class='ocr_line' id='line_1_47' title="bbox 1029 2098 1781 2144; baseline -0.003 -1"><span class='ocrx_word' id='word_1_244' title='bbox 1029 2105 1139 2144; x_wconf 87' lang='lat' dir='ltr'>tam.</span> <span class='ocrx_word' id='word_1_245' title='bbox 1175 2101 1283 2144; x_wconf 90' lang='lat' dir='ltr'>inde</span> <span class='ocrx_word' id='word_1_246' title='bbox 1319 2099 1559 2144; x_wconf 84' lang='lat' dir='ltr'>Gallorum</span> <span class='ocrx_word' id='word_1_247' title='bbox 1592 2098 1781 2143; x_wconf 87' lang='lat' dir='ltr'>eschau-</span> 
     </span>
     <span class='ocr_line' id='line_1_48' title="bbox 1030 2156 1779 2203; baseline -0.004 0"><span class='ocrx_word' id='word_1_248' title='bbox 1030 2159 1123 2203; x_wconf 88' lang='lat' dir='ltr'>der.</span> <span class='ocrx_word' id='word_1_249' title='bbox 1149 2185 1202 2190; x_wconf 87' lang='lat'>—</span> <span class='ocrx_word' id='word_1_250' title='bbox 1236 2159 1517 2202; x_wconf 90' lang='lat' dir='ltr'>minutum</span> <span class='ocrx_word' id='word_1_251' title='bbox 1551 2158 1687 2202; x_wconf 89' lang='lat' dir='ltr'>codd.</span> <span class='ocrx_word' id='word_1_252' title='bbox 1722 2156 1779 2201; x_wconf 89' lang='lat' dir='ltr'>cf.</span> 
     </span>
    </p>
   </div>
   <div class='ocr_carea' id='block_1_7' title="bbox 1031 2218 1351 2262">
    <p class='ocr_par' dir='ltr' id='par_1_10' title="bbox 1031 2218 1351 2262">
     <span class='ocr_line' id='line_1_49' title="bbox 1031 2218 1351 2262; baseline -0.006 0"><span class='ocrx_word' id='word_1_253' title='bbox 1031 2219 1127 2262; x_wconf 85' lang='lat'><strong>117.</strong></span> <span class='ocrx_word' id='word_1_254' title='bbox 1165 2219 1263 2262; x_wconf 83' lang='lat'><strong>180.</strong></span> <span class='ocrx_word' id='word_1_255' title='bbox 1292 2218 1351 2260; x_wconf 86' lang='lat' dir='ltr'>al.</span> 
     </span>
    </p>
   </div>
   <div class='ocr_carea' id='block_1_8' title="bbox 1025 2290 1780 2583">
    <p class='ocr_par' dir='ltr' id='par_1_11' title="bbox 1025 2290 1780 2583">
     <span class='ocr_line' id='line_1_50' title="bbox 1116 2290 1780 2335; baseline -0.002 -1"><span class='ocrx_word' id='word_1_256' title='bbox 1116 2291 1177 2334; x_wconf 86' lang='lat' dir='ltr'>ad</span> <span class='ocrx_word' id='word_1_257' title='bbox 1209 2291 1309 2335; x_wconf 89' lang='lat'><strong>361.</strong></span> <span class='ocrx_word' id='word_1_258' title='bbox 1358 2291 1426 2334; x_wconf 88' lang='lat' dir='ltr'>sic</span> <span class='ocrx_word' id='word_1_259' title='bbox 1457 2291 1619 2334; x_wconf 89' lang='lat' dir='ltr'>sanavi</span> <span class='ocrx_word' id='word_1_260' title='bbox 1653 2290 1780 2335; x_wconf 89' lang='lat' dir='ltr'>codi-</span> 
     </span>
     <span class='ocr_line' id='line_1_51' title="bbox 1029 2349 1779 2405; baseline 0 -11"><span class='ocrx_word' id='word_1_261' title='bbox 1029 2363 1131 2394; x_wconf 89' lang='lat' dir='ltr'>cum</span> <span class='ocrx_word' id='word_1_262' title='bbox 1178 2350 1347 2394; x_wconf 83' lang='lat' dir='ltr'>menda</span> <span class='ocrx_word' id='word_1_263' title='bbox 1397 2363 1455 2393; x_wconf 83' lang='lat' dir='ltr'>ex</span> <span class='ocrx_word' id='word_1_264' title='bbox 1503 2349 1779 2405; x_wconf 88' lang='lat' dir='ltr'>compendio</span> 
     </span>
     <span class='ocr_line' id='line_1_52' title="bbox 1025 2409 1780 2453; baseline 0.001 -1"><span class='ocrx_word' id='word_1_265' title='bbox 1025 2414 1129 2453; x_wconf 86' lang='lat' dir='ltr'>orta</span> <span class='ocrx_word' id='word_1_266' title='bbox 1153 2421 1182 2453; x_wconf 86' lang='lat' dir='ltr'>a</span> <span class='ocrx_word' id='word_1_267' title='bbox 1206 2409 1383 2453; x_wconf 88' lang='lat' dir='ltr'>crudo</span> <span class='ocrx_word' id='word_1_268' title='bbox 1408 2409 1622 2452; x_wconf 86' lang='lat' dir='ltr'>tritura</span> <span class='ocrx_word' id='word_1_269' title='bbox 1646 2422 1780 2453; x_wconf 87' lang='lat' dir='ltr'>mor-</span> 
     </span>
     <span class='ocr_line' id='line_1_53' title="bbox 1025 2468 1780 2512; baseline 0 -1"><span class='ocrx_word' id='word_1_270' title='bbox 1025 2468 1187 2512; x_wconf 88' lang='lat' dir='ltr'>tario</span> <span class='ocrx_word' id='word_1_271' title='bbox 1221 2480 1297 2511; x_wconf 89' lang='lat' dir='ltr'>ac.</span> <span class='ocrx_word' id='word_1_272' title='bbox 1333 2468 1376 2511; x_wconf 90' lang='lat' dir='ltr'>d.</span> <span class='ocrx_word' id='word_1_273' title='bbox 1413 2468 1556 2511; x_wconf 88' lang='lat' dir='ltr'>cruda</span> <span class='ocrx_word' id='word_1_274' title='bbox 1583 2472 1655 2512; x_wconf 87' lang='lat' dir='ltr'>est</span> <span class='ocrx_word' id='word_1_275' title='bbox 1687 2481 1780 2511; x_wconf 90' lang='lat' dir='ltr'>non</span> 
     </span>
     <span class='ocr_line' id='line_1_54' title="bbox 1026 2527 1719 2583; baseline -0.001 -12"><span class='ocrx_word' id='word_1_276' title='bbox 1026 2532 1174 2579; x_wconf 88' lang='lat' dir='ltr'>cocta,</span> <span class='ocrx_word' id='word_1_277' title='bbox 1207 2531 1457 2583; x_wconf 85' lang='lat' dir='ltr'>antequam</span> <span class='ocrx_word' id='word_1_278' title='bbox 1490 2527 1719 2582; x_wconf 85' lang='lat' dir='ltr'>coquitur.</span> 
     </span>
    </p>
   </div>
   <div class='ocr_carea' id='block_1_9' title="bbox 1025 2599 1779 2715">
    <p class='ocr_par' dir='ltr' id='par_1_12' title="bbox 1025 2599 1779 2715">
     <span class='ocr_line' id='line_1_55' title="bbox 1114 2599 1779 2644; baseline -0.002 -1"><span class='ocrx_word' id='word_1_279' title='bbox 1114 2600 1175 2643; x_wconf 86' lang='lat' dir='ltr'>ad</span> <span class='ocrx_word' id='word_1_280' title='bbox 1217 2601 1319 2643; x_wconf 76' lang='lat'><strong>362.</strong></span> <span class='ocrx_word' id='word_1_281' title='bbox 1383 2601 1637 2644; x_wconf 87' lang='lat' dir='ltr'>incisum</span> <span class='ocrx_word' id='word_1_282' title='bbox 1685 2599 1779 2644; x_wconf 89' lang='lat' dir='ltr'>cul-</span> 
     </span>
     <span class='ocr_line' id='line_1_56' title="bbox 1025 2659 1779 2715; baseline -0.001 -12"><span class='ocrx_word' id='word_1_283' title='bbox 1025 2659 1139 2704; x_wconf 91' lang='lat' dir='ltr'>tello</span> <span class='ocrx_word' id='word_1_284' title='bbox 1174 2664 1386 2715; x_wconf 84' lang='lat' dir='ltr'>apcrtum</span> <span class='ocrx_word' id='word_1_285' title='bbox 1412 2661 1513 2704; x_wconf 76' lang='grc'><strong>290.</strong></span> <span class='ocrx_word' id='word_1_286' title='bbox 1549 2671 1779 2714; x_wconf 89' lang='lat' dir='ltr'>conpunc-</span> 
     </span>
    </p>
   </div>
   <div class='ocr_carea' id='block_1_10' title="bbox 1023 2718 1775 2834">
    <p class='ocr_par' dir='ltr' id='par_1_13' title="bbox 1023 2718 1775 2834">
     <span class='ocr_line' id='line_1_57' title="bbox 1023 2718 1775 2763; baseline 0.001 -2"><span class='ocrx_word' id='word_1_287' title='bbox 1023 2723 1120 2762; x_wconf 90' lang='lat' dir='ltr'>tum</span> <span class='ocrx_word' id='word_1_288' title='bbox 1153 2723 1205 2761; x_wconf 79' lang='lat' dir='ltr'>ut</span> <span class='ocrx_word' id='word_1_289' title='bbox 1235 2719 1306 2762; x_wconf 87' lang='lat' dir='ltr'>ius</span> <span class='ocrx_word' id='word_1_290' title='bbox 1330 2718 1463 2763; x_wconf 84' lang='lat' dir='ltr'>bibat</span> <span class='ocrx_word' id='word_1_291' title='bbox 1480 2719 1582 2762; x_wconf 78' lang='lat'><strong>301.</strong></span> <span class='ocrx_word' id='word_1_292' title='bbox 1600 2718 1703 2762; x_wconf 72' lang='lat'><strong>320.</strong></span> <span class='ocrx_word' id='word_1_293' title='bbox 1728 2743 1775 2747; x_wconf 81' lang='lat'>—-</span> 
     </span>
     <span class='ocr_line' id='line_1_58' title="bbox 1023 2777 1360 2834; baseline -0.009 -14"><span class='ocrx_word' id='word_1_294' title='bbox 1023 2777 1238 2834; x_wconf 83' lang='lat' dir='ltr'>gratio.</span> <span class='ocrx_word' id='word_1_295' title='bbox 1271 2780 1360 2828; x_wconf 74' lang='grc' dir='ltr'>βθκ</span> 
     </span>
    </p>
   </div>
   <div class='ocr_carea' id='block_1_11' title="bbox 1113 2847 1775 2897">
    <p class='ocr_par' dir='ltr' id='par_1_14' title="bbox 1113 2847 1775 2897">
     <span class='ocr_line' id='line_1_59' title="bbox 1113 2847 1775 2897; baseline -0.008 0"><span class='ocrx_word' id='word_1_296' title='bbox 1113 2852 1174 2897; x_wconf 82' lang='lat' dir='ltr'>ad</span> <span class='ocrx_word' id='word_1_297' title='bbox 1191 2853 1293 2896; x_wconf 80' lang='lat'><strong>363.</strong></span> <span class='ocrx_word' id='word_1_298' title='bbox 1326 2862 1569 2896; x_wconf 65' lang='lat' dir='ltr'>asar-eos</span> <span class='ocrx_word' id='word_1_299' title='bbox 1599 2847 1700 2893; x_wconf 73' lang='lat'><strong>274.</strong></span> <span class='ocrx_word' id='word_1_300' title='bbox 1725 2873 1775 2880; x_wconf 48' lang='lat'>*-</span> 
     </span>
    </p>
   </div>
  </div>
 </body>
</html>
