2066 3276
691 231 793 276 Lib.
813 231 935 276 VIII.
979 231 1223 287 Tetrapus.
1652 233 1752 284 177

164 364 343 431 ossati,
402 364 620 418 fabriles
673 365 835 431 bulbi,
890 365 1110 418 cocleae
1163 368 1464 432 exemptae,
1524 365 1752 433 malvae,

162 440 336 504 betae,
378 438 539 506 porri,
580 438 775 506 apium,
828 439 1035 492 coliculi
1078 438 1217 504 elixi,
1273 438 1626 507 coriandrum,
1675 440 1753 510 pi-

162 529 258 580 per
285 511 564 579 integrum,
594 512 787 578 nuclei,
831 528 932 564 ova
961 511 1263 578 quindecim
1303 512 1754 580 superinfundun-

161 591 259 651 tur,
288 585 554 652 liquamen
582 586 900 656 piperatum,
930 602 1034 637 uva
1060 586 1344 639 mittuntur.
1375 587 1524 640 trica.
1557 592 1610 640 et
1630 604 1757 640 con-

161 659 326 712 suitur
367 664 419 712 et
458 659 822 727 praeduratur,
876 660 931 711 in
981 659 1134 711 furno
1189 664 1412 712 assatur.
1471 660 1667 715 deinde
1722 679 1756 715 a

162 732 320 785 dorso
362 732 614 786 scinditur
655 738 706 786 et
744 733 856 786 iure
896 733 997 786 hoc
1037 732 1398 803 perfunditur:
1441 734 1597 805 piper
1629 735 1750 788 teri-

160 811 259 873 tur,
300 812 432 873 ruta,
473 806 758 873 liquamen,
798 822 1032 875 passum,
1083 807 1203 874 mel,
1247 807 1423 861 oleum
1463 808 1746 863 modicum.

162 897 280 933 cum
319 880 565 946 bullierit,
607 881 836 933 amolum
875 880 1108 933 mittitur.

272 954 395 1007 385.
452 954 566 1006 Ius
620 953 967 1021 frigidum
1009 954 1075 1006 in
1113 954 1503 1022 porcellum
1543 955 1754 1009 ineli-

160 1043 307 1080 xum
347 1027 424 1080 ita
461 1025 660 1080 facies:
702 1032 844 1081 teres
882 1028 1055 1099 piper,
1097 1045 1329 1095 careum,
1379 1033 1611 1096 anetum,
1655 1030 1754 1083 ori-

159 1117 355 1168 ganum
387 1100 670 1169 modicum,
711 1102 930 1156 nucleos
969 1101 1176 1170 pineOS,
1217 1102 1491 1157 suffundes
1526 1109 1753 1172 acetum,

158 1175 442 1242 liquamen,
485 1175 757 1244 cariotum,
801 1176 924 1244 mel,
966 1192 1173 1247 senape
1214 1175 1430 1245 factum,
1481 1179 1752 1247 superstil-

157 1250 294 1303 labis
335 1249 525 1317 oleum,
567 1249 725 1322 piper
765 1250 1012 1322 aspargis
1052 1255 1105 1304 et
1142 1249 1358 1304 inferes,

159 1381 355 1426 clatus
388 1397 433 1425 π.
466 1395 633 1427 anovo
651 1382 795 1428 verbo
820 1382 906 1426 esi-

159 1441 281 1485 ciare
313 1441 387 1484 vel
420 1441 567 1486 sicare
609 1442 635 1484 i.
672 1455 713 1498 q.
747 1453 907 1487 secare

160 1500 258 1544 120.
301 1504 372 1543 est
403 1500 519 1555 pulli
548 1506 712 1556 pectus
744 1514 899 1546 exsec-

157 1563 255 1602 tum
299 1559 399 1602 200.
446 1584 498 1589 —
544 1560 906 1615 particulam

158 1618 203 1661 in
246 1618 454 1673 pluribus
505 1644 555 1648 —
604 1617 908 1663 ficetulae

162 1678 258 1720 125.
281 1677 421 1720 —de
453 1677 636 1732 pulpa
667 1691 703 1721 s.
737 1679 903 1722 ut397.

158 1736 301 1791 pulpa
333 1735 390 1779 de
415 1736 517 1791 ipso
535 1736 694 1792 lepore
727 1737 789 1780 ad
805 1738 907 1781 373.

158 1794 376 1838 videntur
406 1795 614 1850 inprimis
647 1809 704 1840 ex
735 1797 909 1840 iocino-

159 1866 207 1898 re
227 1852 364 1897 facta.
400 1879 451 1883 —-
487 1854 804 1900 lucanicae
838 1856 907 1899 56.

161 1938 213 1941 —
272 1911 524 1956 fabriles
580 1914 751 1959 bulbi
799 1914 910 1958 mihi

159 1977 267 2015 sunt
297 1972 358 2015 ad
387 1970 563 2015 fumum
596 1972 806 2018 fabrilem
825 1975 909 2018 sic-

160 2031 267 2082 cati,
314 2030 375 2074 ad
433 2029 613 2075 fabrum
672 2031 910 2077 ferra-rium

160 2090 346 2141 servati,
381 2091 616 2145 quomodo
660 2092 814 2137 adhuc
850 2093 912 2136 ad

162 2148 387 2193 caminum
407 2162 544 2204 cepas
567 2164 815 2206 suspensas
832 2151 912 2194 ha-

160 2208 335 2252 bemus.
365 2209 431 2252 sic
448 2222 566 2253 uvae
584 2208 774 2254 fabriles
793 2223 911 2266 quae

161 2267 207 2310 in
240 2266 504 2311 fornacibus
526 2267 820 2313 ferrariorum
846 2268 912 2312 fa-

161 2326 347 2370 brorum
381 2340 632 2383 suspensae
656 2327 827 2372 fumum
845 2328 912 2373 bi-

161 2385 325 2429 berent
356 2385 536 2442 hocque
568 2387 709 2431 modo
742 2400 912 2443 passae

162 2439 323 2488 fierent
358 2459 451 2489 non
484 2446 624 2490 semel
649 2446 913 2498 laudantur,

162 2504 277 2547 Plin.
301 2503 369 2556 14,
394 2505 457 2548 16.
476 2505 549 2548 47.
582 2506 733 2549 Edict.
761 2506 912 2550 Diocl.

163 2563 205 2614 6,
238 2564 308 2606 92.
344 2568 391 2607 et
423 2577 451 2607 a
478 2564 669 2608 medicis
691 2565 914 2620 imperan-

163 2627 253 2674 tur,
287 2622 410 2667 Cael.
445 2622 606 2668 Aurel.
638 2623 792 2668 chron.
813 2627 854 2677 2,
875 2626 913 2669 7.

168 2682 233 2725 13.
261 2683 303 2733 3,
323 2684 363 2725 2.
383 2682 423 2736 4,
445 2684 482 2726 3.
518 2683 751 2728 Theodor.
770 2684 911 2729 Prisc.

163 2742 207 2792 2,
241 2742 309 2783 12.
344 2742 416 2785 cui
449 2743 662 2786 dicuntur
679 2742 911 2788 fabriciae.

164 2800 496 2857 Humelbergio
530 2806 636 2846 sunt
669 2801 914 2847 fabricabi-

165 2859 232 2903 les
265 2860 415 2904 lanosi
446 2861 512 2904 illi
546 2860 634 2904 afri
674 2862 806 2917 (Plin.
848 2864 914 2914 19,

211 2933 249 2964 C.
276 2934 429 2974 Apicius
455 2937 512 2967 ed.
537 2935 695 2968 Schuch.

999 1383 1068 1426 95.
1113 1382 1320 1427 Iuvenal.
1363 1383 1403 1435 7,
1446 1383 1544 1427 120.
1597 1384 1750 1429 Edict.

999 1442 1148 1486 Diocl.
1194 1442 1235 1493 6,
1277 1442 1383 1496 41.),
1425 1442 1486 1486 ad
1528 1445 1666 1488 maris
1698 1444 1752 1488 li-

1000 1506 1105 1545 tora
1143 1501 1255 1552 nati,
1297 1514 1492 1557 quorum
1534 1515 1642 1558 pars
1686 1504 1752 1547 la-

999 1572 1116 1603 nosa
1153 1559 1238 1604 sub
1271 1560 1430 1615 primis
1474 1562 1641 1606 tunicis
1674 1576 1751 1607 ve-

1000 1619 1149 1663 stibus
1198 1619 1409 1663 texendis
1456 1633 1602 1673 usum,
1646 1635 1754 1677 pars

999 1678 1192 1721 interior
1210 1678 1359 1722 cibum
1379 1679 1588 1734 praebet,
1603 1680 1754 1725 Theo-

1000 1736 1100 1792 phr.
1144 1736 1249 1780 hist.
1298 1738 1360 1793 pl.
1413 1738 1452 1790 7,
1497 1740 1568 1791 13,
1610 1740 1650 1783 8.
1695 1740 1754 1784 de

1000 1796 1153 1840 bulbis
1204 1797 1300 1839 181.
1353 1822 1407 1827 —
1451 1810 1562 1842 ova
1602 1799 1752 1843 mitt.

1001 1856 1133 1899 tria.
1167 1869 1260 1899 non
1304 1854 1606 1903 defenderim.
1647 1871 1754 1902 con-

1001 1915 1088 1959 ieci
1122 1927 1260 1958 ossa
1291 1927 1349 1959 ex
1380 1916 1481 1959 378.
1515 1917 1616 1960 379.
1653 1918 1752 1961 253.

1001 1978 1049 2019 et
1079 1986 1188 2017 uva
1232 1974 1383 2017 colum
1426 1975 1526 2018 318.
1571 1975 1673 2020 427.
1708 1981 1756 2021 et

1002 2033 1387 2077 misceantur.
1435 2034 1633 2079 maxime
1675 2049 1753 2080 ne-

1004 2092 1255 2137 cessarium
1299 2092 1447 2136 visum
1490 2094 1648 2138 trica
1690 2095 1756 2137 in-

1003 2151 1150 2203 culca,
1182 2151 1322 2206 imple
1356 2164 1456 2195 eam
1486 2153 1757 2208 impensam.

1005 2236 1056 2240 —
1082 2210 1382 2254 scinditur
1409 2207 1613 2264 finditur,
1647 2225 1756 2268 ape-

1004 2270 1120 2313 ritur
1153 2269 1346 2313 cultello
1392 2274 1445 2313 ut
1485 2271 1555 2314 ius
1598 2272 1757 2324 intret,

1004 2328 1089 2373 sub
1123 2334 1228 2372 cute
1261 2328 1513 2384 recipiatur
1542 2331 1646 2374 377.

1092 2387 1153 2430 ad
1185 2387 1286 2430 385.
1351 2389 1617 2443 porcelli
1665 2391 1757 2434 ius

1004 2447 1059 2490 in
1093 2446 1313 2490 elixum
1346 2446 1637 2503 frigidum
1671 2451 1759 2493 ita

1005 2504 1044 2548 f.
1095 2518 1192 2562 par.
1241 2506 1332 2549 ius
1380 2504 1418 2549 f.
1468 2507 1523 2550 in
1571 2522 1625 2564 p.
1672 2509 1759 2553 ita

1007 2563 1186 2609 faces
1228 2565 1285 2608 in
1334 2565 1562 2610 elixum
1597 2569 1757 2613 ceteri.

1004 2631 1090 2680 pro
1124 2638 1195 2669 me
1229 2623 1285 2670 cf.
1321 2626 1420 2669 217.
1454 2627 1554 2670 333.
1588 2651 1641 2659 —-
1676 2641 1759 2671 ca-

1006 2685 1218 2728 riotam
1269 2684 1406 2728 codd.
1460 2691 1585 2729 sen.
1635 2686 1760 2731 fac-

1005 2749 1120 2787 tum
1169 2750 1221 2788 ut
1261 2745 1362 2788 393.
1411 2750 1758 2800 praeparatum,

1006 2802 1267 2847 confectum
1300 2804 1341 2847 9.
1375 2805 1550 2860 sinapis
1579 2804 1760 2850 confec-

1007 2867 1056 2905 ta
1087 2863 1131 2905 in
1164 2863 1315 2906 Edict.
1351 2863 1503 2908 Diocl.
1541 2865 1579 2916 1,
1602 2866 1674 2909 35.
1710 2871 1761 2909 ut

1498 2939 1553 2981 12
