2066 3276
711 238 809 283 Lib.
843 238 943 283 VII.
977 237 1214 283 Politeles.
1630 237 1732 288 131

256 372 378 424 255.
421 371 688 424 Turdos
730 376 992 439 aponto
1033 385 1347 425 moenos:
1382 372 1523 421 teres
1564 367 1734 438 piper,

140 446 299 511 lasar,
342 447 533 498 bacam
572 445 724 510 lauri,
766 445 1030 498 admisces
1071 445 1285 498 comino
1327 459 1517 509 garum
1559 446 1611 494 et
1657 440 1734 494 sic

141 518 323 570 turdos
363 535 460 586 per
500 524 677 584 guttur
715 519 888 585 inples
944 524 996 571 et
1045 518 1132 570 filo
1187 517 1403 584 ligabis.
1462 519 1514 568 et
1564 514 1735 567 facies

143 592 218 644 eis
276 592 558 662 inpensam
615 592 668 643 in
728 609 831 660 qua
891 592 1278 658 decoquantur,
1342 605 1480 656 quae
1538 588 1737 641 habeat

149 666 341 731 oleum,
384 666 541 731 saleS,
584 682 792 731 aquam,
835 670 1048 718 anetum
1090 670 1142 718 et
1181 664 1358 732 capita
1396 678 1686 730 porrorum.

253 740 376 792 256.
419 739 781 791 Turtures:
839 738 1068 808 aperieS,
1124 736 1378 790 onerabis
1432 735 1732 802 diligenter.

140 816 280 865 teres
319 813 489 882 piper,
532 812 691 877 lasar,
733 812 1004 877 liquamen
1041 811 1331 865 modicum.
1381 809 1618 862 infundis
1657 809 1734 877 ip-

141 902 228 938 sos
268 890 495 938 turtures
536 890 592 937 ut
632 885 919 938 conbibant
959 885 1087 938 sicci
1128 890 1180 939 et
1223 885 1299 938 sic
1339 899 1505 936 assas

252 959 375 1012 257.
418 959 528 1011 Ius
567 959 635 1010 in
673 958 1044 1026 perdices:
1086 964 1232 1012 teres
1273 958 1328 1010 in
1367 955 1616 1009 mortario
1657 955 1735 1024 pi-

140 1049 251 1100 per,
307 1032 500 1100 apium,
553 1038 782 1085 mentam
839 1038 891 1085 et
943 1038 1131 1098 rutam,
1187 1030 1454 1085 suffundis
1506 1034 1734 1096 acetum,

140 1105 296 1159 addis
338 1106 609 1173 cariotam,
651 1107 755 1160 mel
795 1111 1057 1174 acoetum,
1098 1107 1393 1174 liquamen,
1436 1104 1624 1158 oleum.
1668 1103 1736 1156 si-

140 1181 245 1233 mul
286 1196 484 1247 coques
526 1184 577 1234 et
613 1179 829 1234 inferes

368 1357 637 1426 Incipit
674 1356 875 1426 Apici
918 1357 1112 1410 Caeli
1156 1356 1516 1427 politeleS.

796 1476 927 1528 LIB.
970 1476 1089 1530 VII.

253 1593 376 1645 258.
419 1592 682 1645 Vulvae
722 1593 1043 1646 steriles:
1089 1592 1262 1646 lasere
1303 1592 1493 1645 vulvas
1526 1624 1597 1630 —
1638 1591 1735 1645 sed

141 1666 375 1734 accipies
416 1666 732 1719 cirenaicum
774 1666 858 1719 vel
898 1666 1157 1736 particum
1185 1697 1257 1705 —
1294 1671 1449 1720 aceto
1480 1670 1532 1719 et
1569 1665 1736 1732 liqua-

140 1809 383 1851 spanum
407 1804 454 1839 et
474 1797 573 1853 isp.
610 1797 743 1841 codd.
765 1796 821 1841 cf.
843 1799 884 1842 5.

142 1881 195 1887 —
230 1869 294 1899 ex
326 1869 385 1899 se
418 1857 558 1900 amb.
594 1855 651 1901 cf.
685 1857 730 1899 in
752 1870 886 1901 sere-

141 1914 238 1958 dire
273 1915 307 1957 1.
358 1940 406 1943 —
452 1915 622 1959 lavas
655 1916 752 1959 iure
786 1916 887 1959 reli-

142 1986 233 2073 puo
277 1976 526 2030 pei-tangis.
575 1973 631 2018 cf.
674 1988 730 2018 ex
766 1975 887 2019 lacte

981 1799 1020 1841 7.
1066 1823 1118 1828 —
1163 1798 1396 1842 cumino
1442 1810 1588 1854 garu
1632 1796 1735 1841 cod.

978 1857 1212 1913 peculiare
1246 1857 1515 1913 eleogarum
1557 1856 1737 1901 intelle-

978 1929 1063 1972 gas
1106 1922 1154 1960 et
1197 1917 1254 1960 de
1299 1917 1480 1969 comino
1527 1929 1561 1959 s.
1598 1915 1736 1959 comi-

979 1976 1055 2020 nio
1090 1976 1196 2020 oleo
1231 1973 1288 2020 cf.
1323 1976 1438 2018 Plin.
1475 1976 1543 2025 15,
1577 1975 1643 2018 13.
1665 1974 1735 2018 20.

1071 2035 1131 2078 ad
1172 2035 1272 2078 256.
1338 2034 1584 2078 ornabis
1633 2032 1735 2077 cod.

230 2090 291 2133 ad
323 2092 421 2134 255.
475 2104 532 2135 ea
563 2096 613 2134 ut
653 2092 753 2135 256.
787 2094 886 2135 257.

142 2163 198 2192 ex
215 2150 457 2205 Excerptis
476 2150 577 2194 cod.
602 2151 785 2195 salmas.
806 2157 888 2195 est.

142 2214 368 2263 aponto
397 2222 592 2268 menus
618 2210 721 2253 etin
740 2211 889 2254 lcmm.

143 2272 612 2321 apantomoenos
643 2270 743 2313 cod.
766 2270 893 2325 quod

142 2326 355 2381 aenigma
416 2327 627 2383 legebam
694 2328 891 2368 ἀποκοπ-

143 2388 349 2437 τομένους
444 2392 696 2441 pal'ooptos
791 2387 891 2431 244.

142 2442 346 2483 ἁπάντων
386 2443 597 2497 ἀμείνους,
640 2458 892 2501 apamenos

143 2515 200 2546 ex
232 2501 445 2558 Apamea
477 2503 707 2561 Phrygiae
740 2505 891 2560 regio-

143 2574 214 2612 ne,
247 2574 274 2604 a
306 2567 450 2617 panto
483 2576 518 2606 s.
551 2564 708 2618 pando
737 2576 892 2608 amoe-

144 2634 242 2671 nos,
301 2626 348 2664 et
402 2634 430 2664 a
476 2623 656 2677 partico
706 2623 892 2678 (lasare)

143 2692 363 2724 amoenos
408 2686 455 2724 et
488 2694 515 2724 a
549 2695 692 2736 penso
726 2695 812 2726 am.
848 2687 895 2726 et

144 2738 201 2782 de
234 2739 392 2783 insulis
425 2741 625 2795 ponticis
659 2742 823 2786 Italiae
844 2742 894 2784 li-

145 2798 235 2841 tori
267 2799 557 2843 meridionali
575 2800 895 2845 adiacentibus

146 2856 409 2911 cogitabam
456 2860 515 2903 ob
550 2859 744 2904 Varron.
778 2862 820 2911 3,
854 2861 895 2911 5,

982 2094 1136 2137 malim
1180 2094 1419 2148 spissos
1453 2107 1537 2149 pro
1570 2093 1738 2148 ipsos

984 2158 1031 2197 et
1063 2166 1268 2196 sucum
1303 2166 1388 2208 pro
1422 2152 1581 2196 sicci.
1617 2156 1738 2195 cete-

983 2226 1081 2255 rum
1108 2211 1164 2255 cf.
1194 2212 1292 2255 203.
1324 2212 1492 2267 pungis
1506 2211 1677 2266 ubique
1692 2214 1740 2254 et

983 2272 1085 2314 239.
1128 2271 1198 2314 ius
1241 2269 1446 2314 infundis
1483 2276 1534 2314 ut
1566 2269 1733 2314 combi-

983 2330 1081 2373 bat.
1126 2343 1183 2374 ex
1225 2329 1307 2373 illo
1348 2330 1453 2373 loco
1487 2329 1596 2373 olim
1630 2328 1739 2373 scri-

983 2389 1152 2432 bebam
1185 2388 1533 2445 conpungis.

1102 2447 1163 2490 ad
1215 2448 1313 2491 257.
1385 2447 1740 2503 apiomenta

985 2506 1089 2553 cod.
1124 2511 1172 2550 et
1203 2506 1309 2551 mel
1347 2511 1579 2550 acetum
1612 2506 1737 2546 ἄκοι-

983 2581 1061 2605 τον
1093 2566 1161 2609 69.
1199 2591 1252 2595 -—
1297 2565 1475 2609 simul
1515 2578 1607 2609 una
1639 2578 1740 2609 cum

984 2625 1282 2680 perdicibus?
1360 2625 1502 2668 malui
1563 2623 1740 2669 simul

987 2689 1222 2740 coquet,
1271 2682 1382 2727 inf.
1415 2698 1538 2729 nunc
1584 2681 1741 2728 confe-

987 2756 1091 2787 rens
1125 2743 1225 2787 240.
1261 2743 1372 2787 nihil
1405 2749 1547 2788 muto.

1075 2801 1167 2846 Ad
1199 2802 1414 2847 librum
1440 2802 1539 2847 VII.
1585 2802 1742 2846 inscri-

987 2860 1112 2905 bitur
1145 2861 1379 2914 πολυτελὴς
1421 2862 1480 2905 ab
1513 2863 1741 2916 impensa-
