2066 3276
286 232 390 291 172
815 236 913 286 Lib.
932 242 1053 287 VIII.
1097 242 1339 302 Tetrapus.

394 377 516 431 373.
590 376 815 431 Aliter
866 378 1283 442 porcellum:
1352 379 1537 447 salem,
1607 380 1868 450 ciminum,

281 451 439 517 lasar,
480 451 881 518 liquaminatum
941 450 1008 504 de
1049 453 1285 519 porcello
1329 452 1458 506 eicis
1485 454 1763 508 utriculum
1796 458 1871 509 ita

281 530 337 577 ut
375 525 590 591 aliquae
629 526 827 593 pulpae
866 524 921 576 in
963 541 1026 577 eo
1067 531 1391 579 remaneant.
1433 531 1574 580 teres
1613 529 1783 599 piper,
1813 531 1870 583 li-

280 598 540 665 gisticum,
615 605 909 666 origanum,
981 599 1255 651 suffundes
1313 599 1598 666 liquamen,
1669 603 1871 656 adicies

280 689 439 724 unum
481 674 817 739 cerebellum,
861 689 964 724 ova
1003 672 1128 726 dua.
1183 673 1374 726 misces
1427 674 1482 726 in
1535 691 1611 728 se.
1666 678 1870 742 porcel-

278 746 385 798 lum
425 746 802 816 praeduratum
854 746 1044 813 inpleS,
1097 746 1323 799 fiblabis.
1366 747 1419 799 in
1460 750 1717 816 sportella
1770 751 1870 803 ser-

278 820 423 873 venti
466 820 605 874 ollae
644 820 935 873 summittis
980 825 1130 873 cocto
1171 820 1323 873 fiblas
1364 821 1519 874 tolles
1574 827 1630 874 ut
1679 822 1758 877 ius
1802 841 1871 877 ex

278 894 396 962 ipso
437 911 653 948 manere
693 894 876 962 possit.
919 894 1104 962 pipere
1144 910 1424 962 asparsum
1465 894 1680 948 inferes.

393 968 515 1020 374.
557 969 950 1022 Porcellum
978 968 1234 1021 elixum
1260 967 1608 1022 farsilem:
1652 970 1719 1023 de
1747 987 1868 1038 por-

280 1042 416 1094 cello
457 1042 734 1095 utriculum
778 1042 954 1108 eicieS,
997 1042 1291 1109 praeduras
1358 1047 1499 1096 teres
1539 1044 1708 1112 piper,
1753 1045 1870 1112 ligi-

278 1117 480 1183 sticum,
543 1117 834 1184 origanum,
907 1116 1178 1169 suffundes
1237 1116 1521 1183 liquamen,
1595 1119 1864 1172 cerebella

1129 1234 1262 1289 piper
1315 1247 1371 1278 ex
1409 1234 1655 1290 liquamine
1697 1236 1871 1288 tritum,

1128 1293 1358 1348 liquamen
1390 1294 1580 1337 mixtum
1613 1295 1681 1338 80.
1710 1295 1779 1339 sic
1796 1295 1873 1339 ha-

1126 1352 1288 1395 bemus
1313 1353 1575 1405 laser-atum,
1600 1355 1874 1409 piperatum,

1128 1416 1381 1462 alietatum,
1422 1419 1767 1468 oenogaratum.
1818 1439 1872 1445 -

1127 1483 1290 1514 vocem
1327 1471 1631 1525 „porcellum“
1667 1478 1774 1517 ante
1796 1473 1873 1526 „li-

277 1234 388 1278 dum
434 1238 545 1277 erat.
591 1235 658 1278 sic
699 1247 874 1290 coquus
923 1235 1036 1279 dicit

278 1293 377 1336 218.
441 1296 506 1345 „si
553 1299 659 1336 sunt
720 1299 767 1337 et
824 1295 1035 1348 ungellas

279 1355 498 1406 coques‘·,
543 1366 595 1395 so
640 1353 701 1396 du
745 1352 860 1396 has-1¹:
899 1354 1033 1396 Huni.

279 1411 434 1454 nescio
493 1412 615 1455 unde
676 1412 746 1455 ed.
812 1410 1034 1465 „ferveat,

283 1483 423 1525 quum
471 1469 739 1521 ferbuerit&
798 1472 923 1526 quod
970 1477 1036 1516 te-

279 1542 393 1573 nens
425 1529 716 1574 Hildebrand
739 1530 799 1573 ad
827 1530 1033 1574 Glossar.

278 1601 321 1643 p.
368 1589 437 1631 22.
484 1589 674 1644 corrigit
724 1589 1031 1641 „avellanas“.

277 1672 332 1678 —
381 1648 683 1692 avicellas
738 1649 808 1692 ed.
858 1662 926 1703 pr.
975 1650 1028 1691 H.

276 1706 337 1749 ad
371 1707 470 1750 181.
517 1732 566 1736 —
605 1707 870 1751 obducas
915 1721 1028 1751 corr.

275 1778 361 1820 pro
411 1766 676 1810 obduras
737 1772 784 1810 et
830 1767 931 1811 375.
982 1772 1032 1810 ut

275 1825 337 1868 sit
370 1826 494 1880 quod
529 1826 738 1880 coperias
757 1826 855 1869 369.
883 1826 1029 1870 invol-

274 1896 358 1927 vas
389 1884 490 1927 431.
527 1909 581 1915 —
614 1884 758 1928 verba
793 1890 949 1937 „carta
977 1910 1026 1914 ·—

274 1942 411 1987 aliter
442 1943 724 1998 porcellum“
752 1957 839 1987 om.
866 1944 938 1988 ed.
962 1958 1027 1999 pr.

275 2028 328 2034 -—
388 2003 557 2046 mitte
615 2003 698 2047 sis
765 2016 879 2047 corr.
943 2017 1027 2058 pro

272 2062 548 2105 mitteres
580 2066 622 2113 β.
658 2062 921 2106 mitteris
955 2062 1026 2106 ed.

271 2134 343 2176 pr.
389 2121 598 2173 mittes
653 2134 734 2165 sex
780 2126 828 2165 et
874 2121 930 2164 H.
978 2122 1026 2165 id

272 2179 353 2223 sis
407 2179 521 2223 lenit
567 2180 805 2234 imperium
861 2184 1025 2236 estque

274 2238 401 2293 quod
447 2239 511 2291 „si
557 2239 651 2282 vis“
700 2241 768 2283 13.
811 2239 913 2282 334.
961 2240 1026 2291 „si

271 2297 429 2341 voles“
465 2298 537 2342 81.
575 2297 671 2340 102.
704 2298 770 2351 „si
792 2297 1021 2342 volueris“

272 2357 371 2399 119.
408 2357 506 2399 126.
542 2355 600 2400 cf.
632 2357 694 2400 ad
719 2356 861 2411 Cicer,
887 2357 1022 2401 Tusc.

270 2415 310 2466 2,
346 2415 401 2458 18
433 2428 477 2469 p.
512 2415 612 2458 544.
651 2416 762 2459 Mos.
803 2441 856 2445 —-
887 2429 1023 2460 exo-

268 2487 296 2515 n
314 2486 338 2517 e
351 2486 413 2517 ra
427 2486 449 2516 s
466 2469 603 2518 fiblas
636 2474 765 2518 tollis
783 2475 886 2518 373.
907 2488 1020 2518 corr.

266 2545 353 2587 pro
408 2545 681 2583 exornas,
740 2533 866 2588 quod
912 2547 1023 2577 vero

269 2590 395 2646 quod
434 2591 681 2646 spongizas
723 2592 824 2634 374.
858 2592 933 2636 sit.
970 2618 1021 2622 —

266 2650 593 2706 perunguis
636 2650 757 2700 oleo,
791 2650 943 2694 oleum
976 2651 1022 2694 in

266 2708 473 2763 patinam
505 2708 676 2760 mittes,
708 2714 760 2752 ut
791 2709 978 2763 passim.

357 2767 418 2810 ad
449 2768 549 2811 373.
597 2768 643 2810 in
675 2766 745 2810 his
777 2767 1019 2822 speciebus

266 2825 500 2880 porcellus
544 2829 841 2870 exenteratus
887 2838 1020 2880 prae-

266 2884 472 2929 duratur.
551 2885 1018 2941 liquaminatum

1130 1530 1468 1583 quaminatum“
1505 1544 1605 1574 cum
1627 1544 1723 1586 par.
1744 1532 1870 1575 eieci.

1128 1588 1365 1632 utricul.
1401 1593 1448 1632 et
1479 1590 1580 1633 374.
1626 1590 1871 1646 coagulum

1122 1647 1223 1691 369.
1268 1672 1322 1678 —
1363 1661 1449 1702 pro
1491 1653 1553 1691 ut
1585 1649 1715 1692 Hum.
1754 1663 1869 1694 corr.

1122 1719 1188 1750 ne
1247 1711 1410 1750 contra
1467 1720 1649 1751 sensum
1698 1709 1870 1760 Nostri,

1121 1778 1227 1808 nam
1270 1766 1491 1821 pulpae
1541 1772 1649 1810 sunt
1691 1769 1871 1811 viscera

1121 1829 1172 1867 ut
1220 1838 1313 1875 cor,
1362 1825 1506 1875 iocur,
1563 1826 1721 1880 pulmo
1764 1827 1866 1872 384.

1120 1885 1219 1926 397.
1265 1897 1357 1927 non
1398 1884 1636 1928 interanea
1678 1898 1712 1928 s.
1754 1886 1869 1930 inte-

1120 1943 1254 1985 stina.
1292 1968 1343 1972 ›—
1377 1956 1546 1986 unum
1590 1957 1645 1987 ex
1677 1941 1763 1999 ὃγπ
1795 1945 1866 1989 ed.

1119 2001 1303 2045 mediol.
1338 2002 1518 2046 restitui
1560 2016 1645 2057 pro
1679 2002 1867 2047 v*inum

1121 2060 1281 2104 eadem
1327 2059 1535 2104 confusio
1569 2061 1698 2104 Varr.
1734 2063 1781 2104 L.
1816 2064 1865 2105 L.

1118 2133 1162 2174 p.
1201 2121 1295 2162 177.
1338 2119 1413 2175 Sp.
1450 2125 1497 2163 et
1528 2119 1733 2164 Scribon.
1770 2122 1865 2165 180.

1057 2185 1063 2189 “
1117 2179 1216 2221 225.
1250 2178 1350 2222 268.
1397 2178 1516 2222 Cels.
1557 2180 1598 2231 5,
1632 2180 1702 2231 25,
1736 2181 1775 2222 2.
1811 2206 1865 2212 —

1117 2238 1226 2280 dua
1265 2250 1321 2281 ex
1363 2238 1461 2281 298.
1507 2251 1591 2292 pro
1637 2239 1747 2282 duo
1792 2240 1865 2283 vel

1117 2296 1264 2339 dura
1307 2297 1531 2348 codicum,
1573 2297 1633 2340 ad
1677 2298 1774 2340 141.
1810 2323 1864 2328 —-

1116 2354 1375 2399 fiblabis
1410 2380 1463 2385 ψ
1497 2369 1616 2399 sum
1639 2357 1737 2399 289.
1763 2357 1864 2399 364.

1115 2414 1215 2457 374.
1250 2414 1311 2457 ad
1342 2414 1533 2457 verbum
1566 2411 1729 2458 fiblare
1760 2416 1863 2459 372.

1115 2498 1169 2504 —
1213 2486 1445 2516 manere
1489 2473 1625 2517 codd.
1670 2479 1718 2518 et
1759 2475 1862 2518 cod.

1113 2532 1301 2587 gudian.
1336 2543 1407 2586 ap.
1441 2532 1594 2575 Klein.
1638 2533 1700 2576 ad
1731 2533 1864 2576 Lam-

1113 2591 1210 2635 bini
1251 2591 1475 2634 Emcndd.
1521 2591 1640 2634 Tull.
1684 2605 1727 2646 p.
1761 2592 1862 2635 496.

1113 2649 1156 2694 b.
1193 2649 1248 2692 cf.
1275 2650 1335 2692 ad
1359 2650 1429 2692 96.
1464 2649 1521 2693 de
1554 2662 1610 2692 ea
1633 2649 1863 2694 confusio-

1113 2721 1170 2752 ne
1204 2708 1595 2763 coniugationum.

1198 2767 1259 2810 ad
1291 2767 1391 2810 374.
1434 2766 1764 2821 praecides
1795 2767 1861 2810 in-

1111 2825 1236 2869 cides
1271 2825 1368 2868 2264.
1415 2851 1463 2855 --
1500 2826 1769 2880 praedur.
1801 2827 1860 2868 li-

1110 2897 1287 2941 quam.
1310 2884 1391 2928 illo
1410 2884 1510 2927 373.
1530 2884 1587 2926 in.
1609 2884 1857 2941 descripto.
