2066 3276
771 231 870 278 Lib.
891 232 991 278 VII.
1053 232 1289 280 Politeles.
1712 232 1811 287 151

227 368 296 421 ad
336 370 605 437 lactantia,
648 385 750 423 ova
790 369 1022 438 quinque
1074 367 1146 420 ad
1198 366 1488 421 sextarium
1541 366 1718 433 mittis,
1772 366 1817 420 si

227 443 298 496 ad
340 444 583 510 eminam,
627 460 730 497 ova
768 444 883 496 tria.
926 444 981 496 in
1016 444 1156 496 lacte
1184 441 1431 495 dissolvis
1470 441 1545 494 ita
1573 446 1628 494 ut
1654 457 1816 493 unum

229 534 420 586 corpus
459 517 645 571 facias,
686 518 741 570 in
783 534 1008 571 cumana
1050 517 1283 571 collocas
1325 521 1376 569 et
1414 516 1527 582 igni
1559 516 1703 569 lento
1730 533 1815 568 co-

227 608 373 658 ques.
418 608 537 644 cum
578 592 790 645 (luxerit
829 591 897 644 ad
939 609 1015 659 se,
1056 591 1210 659 piper
1247 589 1493 658 aspargis
1524 595 1575 643 et
1600 589 1815 644 inferes,

338 667 462 719 307.
525 665 666 724 Ova
705 665 993 732 sfongia
1034 682 1113 718 ex
1152 665 1367 717 lacte:
1412 680 1513 716 ova
1548 668 1814 731 quattuor,

225 739 379 792 lactis
421 739 664 806 eminam,
708 739 812 792 olei
852 740 1062 793 unciam
1116 738 1171 790 in
1225 755 1283 791 se
1337 737 1586 791 dissolvis
1636 738 1711 790 ita
1761 743 1819 790 ut

225 830 384 866 unum
426 830 620 882 corpus
660 813 828 866 facias
899 813 953 865 in
1005 812 1259 883 patellam
1312 811 1559 864 subtilem
1614 811 1817 865 adicies

229 886 331 940 olei
371 886 638 940 modicum
677 887 844 940 facies
885 892 940 939 ut
994 886 1178 940 bulliat
1206 890 1257 938 et
1284 884 1486 938 adicies
1537 886 1818 956 inpensam

227 977 384 1027 quam
427 960 745 1029 conparasti.
788 977 894 1014 una
932 965 1086 1029 parte
1127 976 1244 1012 cum
1291 958 1451 1011 fuerit
1486 965 1709 1026 coctum,
1762 960 1818 1011 in

225 1034 373 1160 dissco
426 1051 628 1103 verseS‚
694 1035 854 1088 melle
906 1033 1202 1104 perfundiS‚
1255 1034 1414 1103 piper
1466 1033 1712 1103 aspargis
1766 1038 1819 1088 et

222 1126 275 1161 111
302 1125 436 1162 eres,
1830 1121 1832 1124 ’

228 1273 336 1316 dum
370 1272 726 1328 tripatinam
751 1271 978 1316 extribus

227 1332 366 1376 rebus
399 1336 624 1387 paratam.
659 1332 726 1375 sic
757 1345 831 1387 ap.
861 1331 976 1374 Plin.

226 1391 297 1441 35,
334 1392 431 1434 162.
466 1391 735 1446 tripatinum
768 1404 805 1437 s.
837 1390 980 1446 tripa-

228 1450 389 1494 tinium
435 1463 462 1493 a
500 1450 648 1494 tribus
680 1449 866 1495 ferculis
900 1463 979 1492 no-

226 1523 330 1554 men
376 1509 534 1561 habet,
578 1522 652 1565 ap.
684 1508 790 1553 Acl.
826 1508 977 1564 Spart.

226 1569 271 1612 in
314 1567 513 1616 Adriam
568 1569 607 1622 5.
643 1568 980 1624 tetrapharma-

230 1641 330 1671 cum
364 1641 392 1670 a
426 1632 641 1683 quatuor,
674 1627 772 1671 scil.
797 1632 979 1671 consta-

227 1687 311 1731 bat
345 1700 400 1731 ex
436 1687 616 1731 duabus
649 1687 813 1730 avibus
846 1686 980 1742 galli-

228 1746 397 1797 naceis,
430 1758 614 1800 pavone
659 1750 706 1790 et
751 1745 978 1801 phasiano

228 1810 275 1849 et
297 1805 519 1862 similiter
551 1818 606 1848 ex
640 1804 821 1848 duabus
848 1817 979 1860 prac-

228 1863 377 1919 cipuis.
409 1868 456 1908 et
488 1864 686 1908 maxime
719 1864 979 1908 aestimatis

226 1923 439 1978 partibus
471 1923 634 1967 suillae
654 1924 819 1974 carnis,
852 1936 978 1967 nem—

224 1995 283 2037 pc
346 1982 522 2026 sumine
586 1987 633 2026 et
694 1995 839 2038 perna
891 1982 975 2026 sed

223 2054 433 2097 aprugna
464 2041 512 2084 id
545 2046 617 2085 est
634 2040 780 2086 ferina
799 2046 975 2085 crustu-

223 2100 413 2155 lataque
446 2100 494 2143 id
528 2105 599 2144 est
631 2099 778 2144 farina
808 2101 853 2143 in
878 2114 975 2144 cru-

222 2159 393 2202 stulum
446 2164 580 2203 cocta
632 2160 974 2215 superinducta.

222 2219 291 2261 ita
323 2231 414 2261 una
445 2222 625 2262 tantum
665 2219 842 2274 species
875 2232 977 2274 per-

221 2290 280 2319 na
306 2277 561 2320 crustulata
586 2282 866 2334 etaprugna,
886 2291 977 2321 non

222 2336 340 2379 duae
363 2341 444 2379 aut
469 2341 575 2381 tres.
592 2336 640 2380 id
656 2351 823 2380 nomen
841 2349 869 2379 a
887 2350 979 2380 me-

222 2395 375 2438 dicina
409 2395 683 2447 desumtum‚
731 2396 792 2438 ad
827 2395 967 2451 Garg.

222 2467 314 2497 cur.
348 2454 488 2498 boum
512 2468 558 2509 p.
592 2456 662 2498 31.
698 2455 755 2498 dc
789 2455 924 2498 litera
950 2468 972 2497 ι·

220 2513 507 2568 transposita
546 2513 744 2557 diximus
773 2513 834 2556 ad
859 2513 973 2558 Gar-

219 2572 297 2627 gil.
318 2572 386 2617 18.
399 2585 441 2627 p.
456 2573 512 2616 33
526 2572 651 2616 et47.
667 2572 832 2615 ——lac
853 2572 972 2615 adv.

218 2635 336 2686 pat.
371 2636 516 2675 aest.
549 2631 737 2675 modum
760 2632 896 2675 lactis
919 2644 975 2675 ex

218 2690 541 2746 magnitudine
588 2690 777 2746 patinae
822 2691 974 2734 termi-

219 2749 354 2793 nabis
389 2753 436 2793 et
468 2749 744 2805 perpendes.
779 2749 913 2793 Hum.
949 2763 972 2793 c

223 2808 324 2852 cod.
358 2821 442 2852 suo
486 2808 634 2852 edidit
675 2808 973 2852 adversus

220 2867 382 2924 quod
412 2880 467 2923 p.
502 2879 550 2910 a.
591 2881 701 2923 „pro
736 2867 870 2911 lactis
902 2881 971 2911 ra-

1072 1271 1199 1315 tione
1232 1271 1439 1327 patinam
1472 1271 1570 1314 eius
1589 1269 1818 1314 sufficien-

1071 1335 1143 1374 ter
1175 1343 1393 1386 capacem
1430 1331 1640 1386 accipere
1674 1329 1821 1373 consi-

1072 1390 1300 1434 derabis“.
1384 1416 1433 1419 ——
1513 1390 1821 1433 lactantia

1073 1449 1208 1493 codd.
1252 1449 1476 1493 lactentia
1519 1449 1640 1493 Celsi
1673 1449 1716 1500 2,
1749 1449 1819 1491 28.

1072 1510 1142 1552 29.
1177 1510 1221 1551 in
1254 1509 1416 1563 paucis
1448 1508 1686 1559 lactantia,
1727 1508 1820 1551 lac-

1072 1568 1192 1611 taria
1224 1567 1457 1623 Lamprid.
1482 1569 1527 1611 in
1545 1567 1727 1622 Heliog.
1748 1568 1818 1610 27.

1070 1628 1141 1670 32.
1189 1627 1430 1679 „lacticinst
1470 1626 1706 1681 γαλὰκῑινα,
1740 1625 1820 1666 ‹36-

1068 1688 1197 1741 γαλα“
1260 1686 1411 1730 Gloss.
1468 1685 1649 1729 Philox.
1702 1685 1821 1738 „lac-

1070 1746 1217 1789 tentia
1250 1746 1381 1800 quasi
1414 1758 1524 1789 suco
1552 1745 1705 1788 lacteo
1723 1745 1819 1799 ple-

1069 1807 1154 1847 na“
1190 1805 1374 1859 Papias.
1408 1805 1453 1847 in
1486 1804 1640 1848 media
1661 1808 1819 1847 aetate

1070 1864 1303 1907 lacticinia
1335 1865 1362 1907 i.
1399 1877 1435 1907 e.
1472 1863 1561 1908 cibi
1606 1876 1661 1906 ex
1698 1863 1819 1908 lacte

1070 1922 1285 1973 confecti,
1307 1922 1646 1978 milchspeisen‚
1679 1934 1819 1977 saepe

1067 1982 1251 2027 obviam
1284 1978 1413 2025 fiunt.
1464 1982 1626 2026 eadem
1664 1981 1820 2025 edulia

1068 2046 1115 2085 et
1150 2041 1427 2093 „lactantia“
1463 2046 1509 2085 et
1541 2041 1814 2093 „lactentia“

1069 2100 1240 2144 dixisse
1295 2101 1512 2144 videntur
1570 2104 1619 2143 ut
1667 2099 1820 2143 adhuc

1068 2160 1332 2203 subrumum
1400 2160 1705 2212 „lactantem“
1772 2163 1820 2202 et

1072 2219 1375 2272 „lactentem“
1412 2219 1514 2262 306.
1548 2243 1605 2249 —-
1638 2217 1817 2262 hemi-

1069 2289 1193 2320 nam
1242 2277 1314 2321 ed.
1357 2291 1422 2332 pr.
1481 2278 1535 2320 H.
1582 2277 1817 2320 iminam

1069 2341 1109 2387 β.
1140 2337 1318 2385 imina
1350 2337 1394 2379 in
1430 2336 1608 2381 ceteris.
1646 2361 1698 2366 ——
1734 2348 1818 2378 cu-

1061 2407 1145 2438 ma
1159 2407 1228 2438 na
1246 2408 1345 2438 cum
1365 2396 1500 2439 Hum.
1521 2409 1577 2439 ex
1596 2395 1694 2438 205.
1716 2394 1816 2438 243.

1064 2468 1148 2510 pro
1183 2454 1415 2498 cumina
1437 2459 1478 2507 β.
1515 2455 1818 2498 cuminata

1066 2518 1323 2557 ceterorum
1373 2539 1416 2544 ——
1474 2514 1527 2556 in
1574 2513 1699 2569 igni
1743 2513 1815 2556 ed.

1066 2586 1134 2628 1³¹⁴·
1168 2597 1221 2602 ’-

1157 2631 1218 2674 ad
1250 2632 1352 2675 307.
1415 2643 1443 2674 a
1484 2644 1576 2687 qua
1607 2630 1815 2675 similitu-

1066 2691 1172 2734 dine
1205 2703 1260 2735 ea
1291 2690 1455 2746 patina
1479 2690 1727 2746 „spongia“
1750 2689 1816 2732 di-

1065 2754 1197 2793 catur
1245 2749 1437 2793 difficile
1486 2749 1625 2792 dictu.
1684 2753 1816 2803 puto,

1065 2809 1173 2864 quia
1214 2821 1306 2852 una
1347 2813 1527 2852 tantum
1568 2812 1703 2862 parte
1741 2821 1814 2851 co-

1064 2871 1245 2924 quatur,
1309 2867 1458 2911 altera
1514 2868 1815 2924 spongiosam
