2066 3276
302 239 406 292 116

821 238 921 283 Lib.
954 237 1031 282 VI.
1080 238 1324 294 Tropetes.

297 388 400 425 ras,
441 372 495 424 in
536 372 770 425 caccabo
809 370 1146 424 reexinanies
1186 375 1238 423 et
1276 369 1500 435 calefiat,
1542 372 1714 424 amolo
1749 371 1880 424 obli-

299 445 468 513 gabis.
510 444 720 512 inponis
759 445 813 495 in
851 445 1005 496 lance
1045 449 1097 496 et
1134 444 1215 496 ius
1253 442 1546 511 perfundis,

411 519 532 570 214.
595 519 669 569 In
721 534 888 583 grue
927 517 1037 570 vel
1075 517 1138 570 in
1177 522 1384 569 anate
1424 516 1524 569 vel
1562 516 1626 568 in
1666 517 1884 584 pullo:

298 591 469 661 piper,
525 608 713 661 cepam
754 591 968 656 siccam,
1017 590 1318 657 ligisticum‚
1360 589 1622 655 ciminum,
1666 590 1756 657 api
1804 606 1886 643 se-

298 665 437 731 men,
478 681 649 731 pruna
690 663 811 735 [vel]
854 663 1178 716 damascena
1205 664 1499 729 enucleata,
1542 668 1887 730 mustaceum,

299 737 583 805 liquamen,
625 737 921 802 defrictum,
963 737 1137 790 oleum
1178 741 1230 790 et
1257 752 1469 803 coques,

414 810 535 863 215.
581 810 776 865 Gruem
806 810 928 863 dum
973 811 1174 877 coquis,
1218 815 1378 879 caput
1405 810 1517 862 eius
1558 826 1699 875 aqua
1731 825 1890 876 quam

300 902 408 937 non
454 885 642 952 tingat,
696 884 793 937 sed
845 884 912 937 sit
961 883 1106 938 foris,
1159 883 1229 937 ad
1282 900 1507 951 aequam
1560 900 1678 936 cum
1736 888 1890 936 cocta

300 957 476 1027 fuerit,
517 958 586 1012 de
625 967 825 1011 savano
867 957 1043 1010 valido
1095 958 1335 1011 involves
1387 973 1571 1024 gruem
1624 963 1676 1010 et
1731 962 1892 1027 caput

304 1031 416 1085 eius
456 1031 607 1085 trahe
648 1049 767 1084 cum
807 1032 998 1097 nerviS,
1040 1037 1289 1098 sequetur
1326 1036 1383 1083 ut
1416 1030 1614 1099 pulpae
1653 1030 1738 1084 vel
1768 1047 1892 1084 ossa

302 1110 627 1159 remaneant.
673 1123 789 1158 cum
830 1105 1008 1158 nervis
1038 1105 1179 1159 enim
1207 1104 1531 1158 manducare
1558 1120 1663 1156 non
1693 1108 1886 1173 potest.

305 1252 406 1297 254.
438 1252 539 1296 371.
573 1265 673 1296 eum
706 1251 837 1295 Hum.
872 1251 918 1295 in
943 1251 1047 1296 cod.

301 1311 526 1356 invenerit
572 1311 756 1362 lavas,
805 1322 895 1366 qua
942 1324 1048 1355 con-

302 1369 484 1414 fusione
559 1369 671 1413 nihil
749 1368 1049 1426 frequent-ius,

301 1434 546 1486 utrumque
588 1428 778 1473 verbum
815 1428 960 1473 dedit.
995 1453 1049 1460 --

301 1503 408 1592 {³11¹}ss
421 1500 564 1591 ¹³51&
577 1492 690 1591 ⁰353ss
742 1487 894 1591 ’ἒὲῗίὃ
948 1501 1052 1591 ⁰⁰2⁰ss

303 1607 406 1652 cal.
442 1620 498 1651 ex
529 1622 563 1646 π
593 1620 677 1662 pro
711 1611 772 1650 ut
805 1605 907 1650 cal.

390 1666 452 1710 ad
484 1665 583 1709 214.
616 1666 742 1721 prius
775 1665 865 1709 vel
897 1678 954 1709 ex
982 1665 1047 1713 ξπ.

303 1751 357 1757 -
402 1725 495 1770 vel
537 1723 598 1768 ob
639 1724 740 1769 450.
781 1724 960 1768 inclusi.
996 1747 1050 1753 —

301 1799 386 1841 pro
434 1789 681 1828 mustum
724 1788 958 1828 acetum
1001 1785 1052 1826 ut

300 1844 400 1888 450.
466 1842 627 1887 reduxi
689 1848 1051 1886 mustaceum

300 1903 573 1957 μουστάκιον,
606 1901 667 1945 ad
701 1901 827 1958 quod
859 1902 1003 1946 libum
1027 1913 1052 1944 e

302 1961 451 2006 farina
492 1961 705 2017 siliginea
749 1960 838 2004 mel
873 1960 946 2004 vel
980 1973 1052 2004 su-

302 2035 381 2066 cus
414 2020 639 2065 malorum
672 2026 954 2070 musteorum
987 2019 1053 2062 in·

300 2081 458 2137 primis
486 2078 811 2129 adhibebatur,
844 2077 1053 2122 mostku·

302 2139 415 2184 chen
449 2139 563 2182 Plin.
610 2139 679 2190 15,
721 2138 818 2182 127.
853 2137 1050 2192 interpp.

301 2199 362 2243 ad
380 2198 557 2243 Arnob.
578 2199 619 2250 2,
638 2198 706 2241 23.
732 2210 775 2253 p.
795 2197 866 2240 31.
888 2196 958 2241 ed.
976 2196 1049 2240 Or.

390 2257 451 2301 ad
484 2257 582 2300 215.
630 2269 798 2312 quam
832 2269 856 2300 e
889 2268 971 2300 sex
1003 2254 1050 2298 li-

301 2317 411 2368 bris,
453 2321 524 2361 est
567 2319 788 2372 quantum
832 2311 933 2359 fieri
970 2327 1052 2370 po-

300 2381 409 2425 test,
453 2387 589 2432 quam
622 2374 821 2418 minime.
867 2373 924 2417 cf.
958 2373 1052 2417 Cic.

303 2449 417 2480 verr.
463 2447 612 2478 accus.
659 2435 699 2485 2,
734 2434 806 2485 22,
838 2434 907 2476 53.
942 2437 1052 2488 post

301 2495 395 2539 red.
440 2494 486 2537 in
529 2506 622 2537 sen.
669 2493 708 2535 8.
754 2494 823 2535 21.
869 2492 968 2536 Liv.
1009 2491 1051 2543 4,

301 2554 373 2605 24,
406 2554 446 2596 6.
481 2553 547 2596 sic
579 2563 716 2608 quam
733 2551 845 2594 nihil
863 2563 937 2606 ap.
959 2550 1050 2594 Cic.

301 2608 378 2656 fin.
413 2613 455 2663 5,
488 2612 559 2662 27,
578 2611 649 2654 80.
669 2610 804 2654 Tusc.
830 2611 872 2662 5,
889 2610 961 2660 35,
982 2610 1049 2652 74.

301 2685 416 2716 verr.
466 2682 617 2713 aecus.
671 2671 711 2721 1,
758 2670 829 2720 35,
878 2669 948 2712 89.
991 2668 1052 2712 ad

302 2730 407 2774 Att.
440 2731 482 2781 9,
515 2729 557 2781 2,
596 2730 632 2771 1.
683 2740 820 2784 quam
852 2727 1055 2772 nondum

302 2802 375 2846 ap.
422 2788 514 2833 Cic.
559 2787 690 2831 Brut.
733 2786 804 2838 64,
854 2786 953 2830 228.
1000 2811 1053 2816 —

302 2861 511 2906 aquam
554 2859 648 2903 par.
695 2850 743 2890 et
784 2845 904 2891 hum.
952 2844 1053 2889 eod.

1138 1252 1660 1307 tingatssy.tangat
1706 1250 1751 1295 in
1790 1251 1894 1296 reli-

1139 1311 1259 1367 quis.
1303 1335 1353 1339 -
1393 1309 1465 1354 ad
1520 1321 1768 1366 aequam
1820 1323 1891 1354 ra-

1140 1370 1329 1420 tionem,
1370 1369 1417 1412 in
1454 1381 1652 1424 aequam
1683 1370 1785 1420 269,
1819 1370 1893 1421 63.

1139 1429 1210 1472 90.
1244 1440 1407 1484 aeque,
1450 1430 1710 1484 συμμέτρως,
1755 1427 1891 1473 effeci

1141 1500 1198 1532 ex
1246 1486 1420 1531 codicis
1466 1490 1498 1538 β
1538 1487 1607 1531 ab
1652 1499 1890 1543 aquam.

1142 1546 1285 1602 vulgo
1348 1547 1543 1602 iungunt
1604 1544 1627 1589 f
1634 1560 1662 1590 ο
1677 1546 1758 1590 ris
1821 1546 1893 1591 ab

1140 1618 1298 1661 aqua.
1344 1629 1396 1635 —
1440 1605 1510 1650 de
1551 1618 1642 1649 non
1675 1618 1889 1650 necessa-

1140 1665 1257 1708 rium
1281 1677 1368 1708 om.
1404 1677 1438 1703 π
1465 1668 1512 1708 et
1539 1663 1671 1707 Hum.
1707 1665 1769 1708 ad
1793 1677 1895 1709 eam

1139 1722 1532 1779 praepositionem
1570 1723 1895 1768 instrumenta-

1141 1783 1230 1827 lem
1264 1780 1319 1826 cf.
1358 1782 1453 1825 119.
1501 1781 1599 1825 134.
1647 1783 1746 1827 153.
1791 1783 1893 1826 218.

1143 1842 1244 1885 261.
1289 1841 1387 1884 278.
1431 1840 1531 1884 395.
1566 1840 1720 1885 Amm.
1755 1842 1893 1886 Mare.

1144 1901 1215 1951 29,
1257 1901 1299 1951 3,
1332 1900 1374 1944 8.
1422 1899 1507 1952 „de
1548 1898 1748 1944 fustibus
1793 1913 1894 1944 cae-

1143 1962 1265 2010 sus“,
1298 1958 1434 2002 Hand
1466 1958 1659 2003 Tursell.
1681 1959 1723 2002 II
1740 1972 1785 2014 p.
1807 1960 1893 2002 219

1142 2031 1271 2074 seqq.
1318 2043 1370 2049 -—
1416 2029 1640 2062 savano
1675 2017 1812 2062 codd.
1847 2022 1896 2062 ct

1142 2078 1247 2121 376.
1292 2076 1518 2121 sabano
1566 2081 1596 2128 β
1643 2077 1742 2120 237.
1794 2076 1894 2120 276.

1141 2148 1368 2181 savano
1401 2136 1446 2179 in
1478 2135 1681 2192 reliquis,
1715 2148 1895 2180 sava-

1142 2208 1213 2239 no
1246 2212 1284 2250 γ.
1318 2195 1435 2239 sab.
1484 2195 1530 2238 in
1570 2194 1759 2251 reliquis
1795 2196 1893 2240 239.

1144 2254 1310 2299 Graeci
1342 2253 1548 2298 scribunt
1581 2253 1782 2304 σάβανον,
1813 2269 1893 2293 σα-

1142 2311 1294 2364 βάνιον
1325 2311 1579 2357 Dositheus
1612 2313 1683 2357 ed.
1716 2312 1894 2357 Bocck.

1143 2386 1188 2428 p.
1221 2372 1292 2416 95.
1327 2371 1564 2416 derivatur
1595 2372 1655 2416 ab
1689 2370 1814 2412 ἑανὸν
1848 2377 1896 2416 et

1144 2436 1216 2476 est
1247 2430 1439 2475 linteum
1473 2432 1670 2475 crassius
1703 2445 1759 2475 ex
1788 2442 1891 2475 can-

1143 2490 1253 2534 nabi
1284 2490 1345 2534 ad
1369 2489 1711 2542 involvendum,
1745 2490 1893 2546 expri-

1143 2549 1371 2601 mendum,
1411 2549 1771 2606 abstergendum
1812 2561 1892 2605 ap·

1144 2613 1254 2653 tum.
1285 2607 1341 2653 cf.
1365 2609 1497 2653 Voss.
1521 2608 1578 2653 de
1595 2609 1675 2652 vit.
1696 2621 1894 2653 sermon.

1145 2681 1188 2724 p.
1224 2682 1279 2711 m.
1315 2668 1403 2712 270
1478 2666 1707 2712 Dufresne
1741 2667 1891 2712 Gloss.

1147 2727 1199 2770 T.
1235 2726 1300 2771 VI
1341 2739 1384 2783 p.
1422 2727 1445 2770 1
1479 2732 1528 2771 et
1561 2727 1631 2770 76.
1677 2724 1895 2770 Heinrich

1147 2786 1208 2830 ad
1239 2784 1393 2831 Schol.
1426 2785 1631 2837 Iuvenal,
1658 2784 1727 2836 14,
1760 2785 1816 2828 22
1847 2797 1894 2840 p.

1148 2845 1250 2889 427.
1287 2846 1400 2890 Diez
1434 2844 1541 2890 Lex.
1576 2844 1622 2889 d.
1654 2857 1767 2888 rom.
1799 2857 1894 2901 spr.
