2066 3276
656 251 754 295 Lib.
788 250 888 295 VII.
938 249 1177 294 Politeles.

1581 251 1683 303 157

96 384 213 436 oleo
254 383 435 449 frigeS,
483 382 658 436 mittes
711 399 1051 450 oenogarum.
1105 383 1343 436 similiter
1396 400 1463 436 ex
1517 383 1682 453 pulpa

95 474 228 527 sapa.
268 457 431 510 cibari
470 461 709 524 possunt.

206 531 328 583 327.
372 530 598 583 Cocleas
639 531 750 582 sale
790 546 922 599 puro
954 534 1006 582 et
1039 530 1157 582 oleo
1186 529 1407 582 assabis,
1459 529 1685 583 Oocleas

93 620 271 656 assas:
325 605 519 670 lasare,
584 604 888 670 liquamine,
952 603 1155 673 pipere,
1212 603 1345 655 oleo.
1397 603 1682 657 suffundis,

95 677 320 730 Cocleas
349 694 528 730 assas:
570 677 874 745 liquamine,
916 677 1120 744 pipere,
1152 676 1359 744 cimino,
1401 679 1543 736 oleo,
1580 678 1686 730 suf-

92 750 270 804 fundis
310 750 538 804 assidue.

205 825 327 878 328.
368 825 535 878 Aliter
575 824 815 877 cocleas:
858 823 1098 876 viventes
1149 822 1204 874 in
1254 822 1339 876 136
1379 823 1683 891 siligineum

91 897 341 952 infundis,
384 898 473 951 ubi
510 903 701 966 pastae
742 896 950 963 fuerint,
994 912 1207 962 coques

205 973 327 1024 329.
372 971 511 1024 Ova
550 971 736 1023 frixa
776 974 1242 1037 oenogarato:
1299 985 1400 1022 ova
1442 970 1583 1023 elixa
1624 970 1681 1023 li-

95 1045 357 1112 quamine,
387 1045 522 1113 ole0,
552 1061 696 1098 mero
725 1044 814 1097 vel
844 1061 911 1097 ex
935 1043 1241 1110 liquamine,
1263 1043 1468 1112 pipere,
1492 1045 1684 1098 lasare.

92 1120 167 1171 In
208 1119 351 1172 ovis
390 1119 653 1187 apalis:
683 1118 854 1188 piper,
883 1117 1184 1185 ligisticum,
1214 1119 1434 1171 nucleos
1462 1117 1683 1186 inquOS,

93 1192 368 1247 suffundes
407 1194 531 1260 mel,
575 1198 802 1260 acetum,
843 1192 1130 1262 liquamine
1170 1191 1511 1260 temperabis.

92 1344 212 1392 sunt,
250 1341 288 1384 si
320 1341 365 1385 in
398 1353 519 1396 aqua
550 1338 761 1384 ferveant
793 1345 840 1384 et

92 1400 158 1443 sic
191 1399 469 1444 carbonibus
490 1404 754 1444 torreantur
770 1403 838 1443 at-

93 1472 181 1515 que
213 1459 280 1502 ita
313 1472 369 1503 ex
402 1471 637 1515 oenogaro
660 1468 839 1502 suman-

92 1522 191 1562 tur“
229 1525 276 1562 et
316 1532 360 1573 p.
399 1519 496 1562 116.
539 1531 579 1561 3.
629 1519 839 1571 „cocleas

91 1578 174 1621 sed
207 1590 339 1621 veras
371 1576 598 1621 africanas
625 1578 838 1622 conditas

92 1650 148 1680 ex
179 1637 276 1680 sale
309 1641 356 1680 et
382 1637 522 1692 paulo
552 1637 643 1680 olei
664 1642 838 1687 coctas,

91 1695 175 1739 sed
206 1709 297 1740 non
330 1700 568 1751 purga-tas,
614 1696 691 1751 qui
732 1696 844 1738 ieiu-

90 1768 175 1798 nus
215 1759 369 1799 ternas
412 1759 494 1797 aut
535 1755 697 1810 quinas
731 1768 842 1810 quo-

90 1814 205 1857 tidie
249 1818 296 1858 et
339 1812 605 1869 frequenter
637 1827 842 1869 sumpse-

91 1873 165 1924 rit,
208 1873 442 1916 rarissimo
488 1872 716 1917 stomachi
761 1873 841 1916 do-

90 1932 188 1975 lore
220 1932 477 1984 vexabitur,
517 1937 640 1976 certe
674 1933 713 1976 si
744 1944 841 1975 car-

89 1990 288 2035 bonibus
307 1996 461 2035 tostae
482 1995 721 2035 sumantur
748 2005 839 2035 me-

90 2050 179 2093 lius
212 2054 453 2105 prosunt“.

179 2109 240 2151 ad
271 2110 371 2153 329.
416 2121 725 2165 oenogaro
758 2122 843 2164 par

89 2167 547 2224 H.oenogarata
580 2168 842 2212 ceteri.fe0i

90 2227 435 2271 substantivum
478 2227 626 2271 simile
658 2227 842 2271 illorum

90 2285 358 2338 laseratum‚
384 2291 637 2337 alietatum,
660 2286 842 2341 pipera-

89 2350 202 2396 tum,
220 2345 584 2400 liquaminatum‚
604 2358 721 2401 quae
739 2359 840 2389 cum

90 2403 281 2447 medicis
328 2404 498 2449 Noster
545 2403 702 2448 habet.
751 2416 842 2448 ova

91 2475 194 2506 cum
217 2476 454 2518 oenogaro
473 2463 722 2507 miscentur
741 2463 838 2506 125.

89 2533 204 2577 garo
220 2526 537 2576 temperantur
553 2521 748 2565 Martial.
772 2523 840 2573 13,

89 2581 159 2623 40.
182 2606 231 2610 —
258 2581 329 2624 ob
363 2581 526 2624 elixa
550 2581 684 2624 codd.
705 2594 842 2625 ovum

90 2644 138 2683 et
171 2639 309 2683 obum
343 2640 481 2684 scribi
517 2640 648 2684 vides
682 2653 738 2683 ex
772 2641 839 2683 78.

92 2724 146 2730 —
191 2698 388 2742 Turneb.
429 2698 629 2743 Advers.
670 2700 738 2751 10,
774 2700 840 2742 12.

91 2771 206 2802 corr.
229 2756 484 2811 „infundes,
500 2758 737 2802 suffundes
755 2757 845 2802 mel

90 2828 146 2860 36
194 2820 421 2861 36611110“.
486 2822 687 2861 ceterum
737 2830 846 2861 ova

90 2875 270 2931 apala
328 2880 437 2919 sunt
483 2875 638 2926 ἁπαλοὶ,
688 2876 845 2920 1001113

931 1339 1068 1395 (Cels.
1086 1339 1130 1391 4,
1147 1341 1189 1383 3.
1208 1336 1286 1384 fin.
1321 1353 1423 1384 cum
1451 1339 1686 1397 interpp),

930 1399 1202 1454 simpliciter
1241 1399 1415 1443 elixata
1458 1405 1505 1444 et
1539 1401 1686 1445 sorbi-

930 1458 994 1501 lia
1028 1457 1206 1511 ροφητοὲ,
1241 1472 1359 1514 quae
1392 1459 1450 1502 ab
1470 1459 1575 1504 aliis
1594 1460 1687 1504 dis-

932 1522 1192 1568 cernuntur,
1237 1523 1289 1561 ut
1330 1518 1485 1562 Diosc.
1531 1519 1572 1570 2,
1613 1519 1684 1564 54.

930 1578 980 1620 P.
1016 1576 1233 1632 Aeginet.
1271 1578 1400 1626 1‚83.
1436 1577 1598 1622 Galen.
1622 1578 1680 1623 de

930 1635 1018 1679 fac.
1052 1636 1176 1679 alim.
1208 1636 1250 1687 3,
1285 1638 1354 1690 22.v
1389 1637 1515 1692 apud
1548 1650 1684 1693 quem

936 1699 984 1739 et
1017 1693 1206 1750 τρομητοὲ
1252 1700 1360 1739 sunt
1400 1709 1518 1751 quae
1552 1698 1686 1752 quasi

934 1758 1133 1798 tremere
1165 1753 1396 1806 videntur,
1440 1755 1566 1811 quod
1609 1770 1687 1800 eo-

933 1827 1031 1856 rum
1066 1812 1312 1857 candidum
1345 1814 1585 1859 evidenter
1611 1829 1686 1860 60-

932 1872 981 1928 gi
1014 1877 1231 1927 coeptum
1264 1878 1348 1917 est.
1407 1871 1544 1918 facile
1578 1888 1687 1919 con-

933 1932 1071 1988 coqui
1102 1931 1264 1975 scribit
1298 1931 1536 1988 Aegineta
1568 1950 1686 1974 nvm-

930 1990 980 2031 τά
1011 1991 1255 2043 suffocata,
1290 1992 1432 2035 cruda
1450 2006 1551 2036 cum
1568 2005 1684 2049 garo

933 2054 981 2094 61
1012 2050 1119 2094 vino
1164 2054 1211 2094 et
1254 2050 1359 2095 oleo
1403 2052 1600 2095 subacta
1638 2057 1687 2096 et

933 2108 979 2149 ἓν
1010 2113 1160 2164 πνίγει.
1194 2110 1239 2152 10
1267 2123 1378 2154 vase
1398 2111 1572 2165 duplici
1589 2126 1684 2156 mo-

933 2169 1094 2213 derate
1128 2174 1386 2224 compacta,
1426 2170 1509 2214 sed
1540 2171 1686 2225 pessi-

932 2240 1007 2270 ma
1040 2241 1140 2271 esse
1182 2228 1228 2271 in
1263 2229 1500 2284 sartagine
1532 2228 1683 2282 fricta,

933 2285 979 2327 ἓν
1009 2285 1174 2342 τηγάνῳ
1208 2287 1503 2341 σκευαζόμενα,
1548 2304 1682 2344 τηγα-

933 2345 1047 2386 νιστά
1096 2346 1264 2390 medici
1310 2359 1383 2402 ap.
1418 2346 1581 2391 Ideler.
1626 2348 1683 2391 II.

931 2419 974 2460 p.
1021 2405 1122 2456 260,
1164 2405 1206 2448 8.
1251 2410 1384 2449 erant
1430 2406 1584 2457 etiam,
1631 2412 1684 2450 ut

934 2464 1086 2507 omnia
1105 2477 1386 2516 consumam,
1404 2465 1533 2516 dura,
1553 2463 1604 2518 ἕῳ
1614 2464 1684 2516 θᾶ,

934 2535 1052 2578 quae
1099 2527 1229 2567 secta
1278 2524 1480 2576 ἡμίτομα,
1530 2522 1682 2564 ἔπιτε-

932 2583 1123 2635 τμημένα
1141 2583 1510 2638 apponebantur.
1544 2584 1685 2639 apala

934 2641 1119 2695 saepius
1160 2654 1188 2684 3
1230 2642 1420 2686 medicis
1455 2656 1684 2687 commen-
1744 2643 1750 2648 '

935 2700 1116 2752 dantur,
1160 2700 1366 2745 Scribon.
1413 2702 1514 2745 104.
1557 2702 1682 2746 Cael.

934 2758 1096 2803 Aurel.
1156 2759 1310 2805 chron.
1372 2762 1412 2812 2,
1463 2762 1500 2804 7.
1549 2761 1592 2812 4,
1640 2762 1681 2805 3.

936 2823 1056 2862 acut.
1091 2819 1132 2870 2,
1164 2820 1236 2863 37.
1282 2821 1322 2871 1,
1366 2820 1437 2864 10.
1479 2819 1683 2864 Marcell.

936 2878 1065 2933 Emp.
1102 2878 1170 2922 20.
1205 2879 1320 2922 Ρ110.
1355 2878 1457 2922 Val.
1492 2878 1591 2931 5‚3.
1612 2879 1681 2923 12.
