2066 3276
314 254 415 308 138
812 258 911 303 Lib.
946 257 1045 302 VII.
1111 257 1347 303 Politeles.

423 392 544 445 270.
591 391 872 446 Ofellas
913 398 1232 460 garatas:
1275 392 1428 463 ponis
1472 392 1659 446 ofellas
1697 394 1751 446 in
1787 411 1893 447 sar-

310 467 506 534 tagine,
563 465 765 519 adicies
817 467 1085 536 liquamen
1137 468 1273 519 libra
1313 484 1433 532 una,
1489 467 1592 520 olei
1642 467 1893 534 similiter,

311 540 482 592 mellis
524 540 847 605 aliquantum
904 546 1069 594 etsie
1120 541 1285 608 frigis.
1368 540 1642 594 Ofellas
1695 558 1895 595 assas

310 614 661 679 exbromabis,
706 613 988 681 diligenter
1029 620 1080 667 et
1117 616 1171 666 in
1211 614 1536 680 sartaginem
1576 615 1751 667 111ittis.
1807 615 1894 667 fri-

308 704 405 755 ges
447 704 736 754 oenogarO.
778 693 969 755 postea
1010 689 1161 741 simul
1204 705 1319 741 cum
1359 689 1476 756 ipso
1520 706 1790 755 oenogaro
1820 689 1895 741 in-

306 761 449 815 feres
486 765 543 814 “et
591 761 747 830 piper
795 762 1057 832 aspargis,
1137 763 1304 814 Aliter
1358 763 1574 815 ofellas:
1629 762 1683 814 in
1732 763 1896 829 liqua-

307 835 450 888 mine
490 834 753 901 frigantur
795 841 847 888 et
889 835 1096 889 calidae
1147 836 1305 889 melle
1358 840 1659 902 unguantur
1713 840 1765 889 et
1821 836 1897 889 sic

307 908 616 962 inferantur.
697 908 976 963 Ofellas
1011 910 1398 963 lasaratas:
1441 911 1599 975 lasar,
1632 909 1895 977 gingiber,

309 982 705 1038 cardamomum
758 989 808 1036 et
857 1000 960 1036 uno
1002 984 1281 1036 acetabulo
1334 983 1649 1050 liquaminis,
1703 984 1896 1036 misces

312 1056 575 1111 cominum
616 1055 697 1109 his
739 1057 979 1110 omnibus
1019 1058 1151 1110 tritis
1194 1062 1245 1110 et
1283 1058 1355 1110 ibi
1396 1057 1583 1110 ofellas
1625 1074 1838 1123 coques

421 1131 544 1183 271.
607 1129 1020 1184 Assaturae.
1083 1132 1391 1184 Assaturam
1431 1147 1607 1183 assam
1660 1148 1692 1182 a
1743 1130 1896 1182 furno

308 1204 566 1273 simplice.
602 1205 727 1257 salis
755 1205 945 1275 purimi
978 1222 1302 1273 conpensam
1334 1222 1451 1257 cum
1479 1205 1653 1257 melle.
1683 1203 1894 1257 inferes.

421 1280 544 1331 272.
609 1278 772 1331 Aliter
812 1284 1109 1331 assaturas:
1166 1279 1461 1346 petrosilini
1509 1278 1768 1345 scripulos
1808 1278 1897 1332 VI.

307 1353 495 1405 lasaris
545 1351 805 1419 scripulos
845 1353 935 1404 VI.
989 1352 1279 1419 gingiberis
1335 1352 1592 1419 scripulos
1633 1352 1708 1403 VI
1765 1351 1898 1404 lauri

305 1427 470 1481 bacas
510 1427 571 1478 V.
630 1426 967 1492 condimenti,
1022 1426 1211 1478 lasaris
1262 1425 1458 1478 radicis
1508 1425 1767 1493 scripulos
1806 1426 1895 1478 VI.

1152 1590 1227 1631 re“
1263 1601 1318 1631 ex
1351 1587 1451 1630 334.
1484 1588 1584 1631 370.
1628 1592 1676 1631 et
1706 1588 1897 1631 verbum

305 1587 384 1643 gil.
424 1600 517 1631 cur.
552 1588 693 1632 boum
725 1601 768 1642 p.
802 1587 872 1630 41.
914 1587 1061 1631 addas

1156 1647 1363 1701 „tangis“
1386 1646 1457 1689 vel
1481 1645 1786 1701 „perfundis“.
1806 1660 1898 1701 pu-

312 1647 470 1701 „panis
518 1659 663 1702 posca
721 1645 926 1690 infusus“
985 1659 1056 1702 ap.

307 1705 434 1750 Cael.
469 1704 628 1750 Aurel.
665 1705 818 1749 chron.
854 1707 895 1756 3,
929 1706 967 1748 2.

397 1765 459 1808 ad
479 1766 578 1809 270.
615 1778 670 1809 ex
701 1765 919 1820 Excerpt.
955 1765 1061 1815 cod.

305 1824 489 1867 salmas.
526 1850 577 1854 m
624 1824 832 1867 adices
866 1823 967 1867 cod.
1004 1849 1053 1852 —

304 1884 351 1926 in
385 1887 572 1938 promtu
606 1886 705 1927 erat
734 1883 965 1938 corrigere
997 1882 1058 1926 li-

305 1942 604 1998 quaminis
633 1942 847 1985 libram
878 1954 1057 1993 unam,

306 2001 417 2045 nolo
451 2014 562 2045 vcro
595 2000 878 2045 medicorum
907 2001 1059 2044 latini-

306 2060 395 2103 tati
428 2060 616 2104 mederi.
653 2087 706 2092 --
751 2061 1059 2104 exbroma-

304 2119 399 2163 bis
449 2118 592 2163 facies
639 2124 692 2163 ut
739 2133 941 2163 umorem
986 2132 1060 2162 ex-

304 2183 478 2232 spuant
511 2179 609 2221 266.
654 2178 712 2222 de
753 2191 875 2221 novo
917 2178 1059 2221 verbo

304 2237 405 2279 216.
452 2262 504 2266 ——
551 2237 809 2292 inogaru
858 2236 958 2280 cod.
1004 2262 1057 2267 —

304 2296 618 2339 lasaratas
666 2310 750 2351 pro
799 2299 1058 2351 garaton

303 2350 351 2399 et
395 2359 611 2398 craton
659 2355 832 2398 codicis
875 2367 1057 2397 manum

302 2427 405 2458 esse
451 2412 593 2468 Apici
637 2414 768 2457 vides
814 2427 870 2457 ex
912 2413 1060 2468 prima

303 2472 461 2528 specie
494 2477 543 2516 et
575 2473 675 2516 393.
711 2473 809 2515 243.
845 2497 896 2501 ——
941 2472 1059 2514 zin-

300 2531 476 2586 giber
524 2557 575 2560 —
637 2530 953 2575 acitabulo
1012 2535 1060 2574 et

303 2603 426 2633 cum
459 2603 544 2644 pro
577 2590 857 2634 cominum
879 2590 979 2633 cod.
1001 2590 1058 2633 de

301 2662 394 2704 quo
430 2649 529 2691 269.

421 2707 485 2750 ad
531 2708 632 2750 271.
713 2707 1056 2762 simplicem

304 2766 443 2810 codd.
506 2767 568 2809 ad
629 2778 778 2810 meam
829 2766 1055 2809 rationem

303 2825 469 2880 supple
486 2825 558 2869 vel
577 2827 868 2880 „oenogaro“
887 2838 942 2868 cx
957 2825 1054 2868 107.

303 2884 400 2928 140.
435 2884 510 2929 vel
537 2884 682 2941 'quod
714 2882 927 2940 praefero
965 2884 1056 2937 „iu-

1150 1706 1280 1748 rimi
1325 1705 1546 1749 odoribus
1588 1719 1678 1749 non
1723 1705 1898 1749 conditi

1149 1765 1224 1809 vel
1254 1764 1437 1808 candidi
1466 1778 1580 1808 corr.
1606 1778 1661 1808 ex
1677 1765 1777 1807 327.
1796 1764 1895 1808 386.

1150 1825 1310 1867 Horat.
1346 1837 1478 1867 serm.
1516 1825 1554 1874 1,
1586 1825 1628 1874 3,
1665 1823 1727 1866 14.
1764 1823 1894 1868 Ovid.

1150 1882 1258 1926 fast.
1303 1884 1341 1933 1,
1373 1883 1473 1925 338.
1518 1896 1602 1937 pro
1642 1881 1895 1938 plurimi.

1151 1942 1210 1985 ad
1254 1940 1449 1985 formam
1488 1942 1634 1985 minus
1678 1942 1897 1985 usitatam

1152 2000 1205 2044 cf.
1244 2001 1367 2044 Fest.
1400 2001 1443 2043 in
1477 2001 1653 2055 purime
1686 2005 1733 2044 et
1760 2001 1821 2043 ad
1840 1999 1897 2043 si-

1151 2059 1302 2103 milem
1341 2060 1657 2111 ,‚n]aturrin1e“
1683 2059 1818 2102 Halm
1836 2058 1897 2101 ad

1153 2118 1294 2162 Cicer.
1330 2132 1413 2172 pro
1447 2117 1579 2162 Caec.
1614 2119 1656 2169 2,
1690 2119 1727 2161 7.
1764 2118 1896 2161 Kritz

1152 2178 1211 2220 ad
1245 2177 1432 2220 Sallust.
1475 2175 1526 2219 fr.
1571 2191 1614 2232 p.
1649 2177 1720 2220 80.
1760 2190 1896 2220 con-

1150 2249 1384 2291 pensam
1428 2241 1756 2291 conpensatam
1791 2249 1896 2290 por-

1149 2295 1338 2345 tionem,
1381 2294 1515 2337 simul
1563 2299 1803 2349 pensatam
1845 2299 1897 2337 ut

1149 2354 1331 2408 pondus
1380 2354 1489 2396 salis
1538 2359 1584 2397 et
1631 2354 1780 2397 mellis
1822 2365 1895 2396 ae-

1151 2417 1330 2468 quetur,
1374 2413 1470 2455 sale
1520 2425 1611 2467 qua
1657 2418 1704 2456 et
1745 2412 1895 2463 melle,

1150 2472 1210 2515 ad
1258 2472 1356 2514 269.
1406 2485 1461 2514 ex
1509 2488 1531 2524 γ
1578 2472 1759 2515 restitui
1810 2484 1894 2526 pro

1152 2543 1545 2585 conspersam.
1599 2531 1732 2574 Hum.
1779 2543 1894 2574 corr.

1150 2589 1276 2633 sale
1308 2590 1563 2644 plurimo
1607 2602 1803 2644 consp.

1238 2648 1298 2691 ad
1316 2649 1416 2692 272.
1450 2648 1682 2704 gengib.
1702 2651 1803 2690 θκπ.
1823 2648 1893 2690 29.

1147 2732 1203 2740 -—
1237 2708 1602 2751 condimenti
1634 2707 1702 2750 56.
1729 2731 1781 2738 --
1815 2718 1894 2749 ra-

1149 2767 1336 2810 dicem
1379 2766 1513 2810 codd.
1550 2779 1663 2810 corr.
1697 2779 1753 2808 ex
1793 2765 1891 2808 274.

1148 2851 1196 2855 —
1237 2829 1285 2867 et
1316 2839 1407 2868 uno
1440 2837 1535 2879 par.
1574 2850 1623 2854 ——-
1660 2824 1892 2869 modice

1147 2884 1282 2928 codd.
1322 2909 1371 2913 —-
1404 2883 1625 2939 piretri
1660 2884 1757 2926 181.
