2066 3276
325 240 395 296 74
852 243 953 290 Lib.
979 243 1057 290 IV.
1106 245 1381 292 Pandectes.

322 375 514 430 fundes
564 375 864 443 liquaminis
918 378 1111 432 ciatum
1163 397 1322 432 unum
1379 379 1573 452 [semis]
1630 387 1683 436 et
1729 400 1913 437 sucum

321 467 419 519 per
461 451 633 503 colum
675 452 892 506 colabis.
938 453 1175 521 accipies
1210 455 1476 508 cerebella
1503 457 1591 510 IV.
1633 458 1911 511 enervabis

325 529 379 578 et
417 529 558 577 teres
598 524 798 592 piperis
839 526 1099 594 scripulos
1140 528 1285 580 VIII.
1336 529 1608 582 suffundes
1660 548 1726 584 ex
1765 549 1909 598 succ,

320 598 555 664 fricabiS‚
587 604 777 666 postea
805 617 908 654 ova
933 601 1077 655 VIII.
1107 601 1343 668 franges,
1378 603 1486 655 vini
1515 603 1707 657 ciatum
1734 622 1909 671 unum,

320 672 468 740 passi
522 673 713 726 ciatum
767 690 924 726 unum
980 680 1031 727 et
1071 675 1174 728 olei
1214 676 1495 731 modicum.
1548 683 1739 745 postea
1777 679 1911 747 pati-

321 764 446 799 nam
484 763 790 815 perungues
834 753 884 801 et
925 765 1043 801 eam
1082 748 1308 817 inpones
1344 751 1520 804 cinere
1553 752 1727 805 calido
1758 758 1809 806 et
1835 753 1911 806 sic

322 820 609 889 inpensam
650 838 813 889 supra
852 822 1335 891 scriptammittes.
1393 842 1509 878 cum
1564 827 1718 879 cocta
1756 827 1913 880 fuerit

318 894 373 947 in
411 895 792 963 termospodiO,
845 896 1048 966 piperis
1101 898 1375 965 pulverem
1427 916 1589 968 super
1628 900 1912 971 adspargis

321 973 373 1024 et
409 969 623 1023 inferes.

435 1045 556 1097 130.
627 1044 945 1097 Patinam
1004 1045 1080 1098 de
1141 1047 1539 1100 cucurbita:
1614 1049 1913 1102 cucurbitas

323 1119 492 1172 elixas
533 1124 586 1173 et
622 1117 806 1172 frictas
845 1118 898 1171 in
938 1119 1122 1187 patina
1158 1137 1448 1189 conponeS‚
1491 1121 1794 1175 ciminatum
1829 1139 1912 1176 su-

319 1192 630 1262 perfundeS,
680 1192 891 1247 modico
947 1194 1067 1247 0100
1122 1210 1284 1262 super
1335 1195 1549 1249 adiecto
1588 1196 1797 1251 fervere
1835 1197 1913 1251 fa-

320 1267 431 1337 cias
472 1273 524 1321 et
561 1268 775 1320 inferes.

435 1342 555 1396 131.
599 1341 847 1394 Patina
887 1342 966 1396 de
1008 1359 1213 1410 apua:
1256 1359 1450 1410 apuam
1490 1343 1658 1408 lavaS‚
1703 1360 1768 1396 ex
1795 1345 1912 1397 0100

322 1432 583 1483 maceraS,
638 1416 693 1468 in
749 1433 975 1469 cumana
1032 1433 1321 1484 conponeS,
1373 1416 1576 1470 adicies
1617 1418 1806 1483 oleum,
1855 1419 1913 1470 li-

321 1506 567 1557 quamen,
608 1490 804 1557 vinum,
859 1490 1053 1558 alligas
1091 1490 1376 1545 fasciculos
1423 1498 1574 1544 rutae
1615 1498 1667 1545 et
1707 1492 1915 1560 origani

320 1642 469 1682 tarum
513 1651 650 1683 sucus
693 1642 766 1683 est
809 1651 900 1694 quo
932 1639 1074 1682 maxi-

322 1711 394 1742 me
439 1699 664 1742 consistit.
710 1697 931 1742 librorum
978 1702 1074 1750 „to-

320 1758 409 1802 ris“
445 1757 508 1801 nil
541 1758 667 1801 aliud
701 1758 787 1801 erit
819 1758 906 1801 nisi
953 1761 1074 1809 „tor-

320 1817 409 1861 ris“
445 1818 471 1860 i.
499 1830 536 1861 0.
557 1817 747 1861 torridis
780 1817 1071 1868 carbonibus,

319 1876 438 1921 vivis
470 1876 674 1920 torribus
721 1876 897 1920 Valerii
928 1877 996 1919 Fl.
1030 1877 1071 1927 3,

320 1936 416 1980 115.
451 1936 525 1976 ἄπ’
555 1936 796 1988 ἇνθρακιᾶς,
829 1940 880 1979 ut
897 1935 1071 1980 habeas

316 1992 567 2051 ἄνθρακίὸα,
607 1996 759 2039 cibum
792 2008 932 2051 supra
963 2009 1067 2050 pru-

315 2067 375 2098 na
418 2058 599 2100 coctum
641 2055 799 2111 sicque
838 2055 898 2098 ad
932 2055 1067 2099 eden-

317 2114 424 2159 dum
475 2114 668 2158 illatum.
734 2114 944 2159 Clemens
987 2113 1065 2157 Al.

315 2174 453 2228 paed.
497 2174 540 2224 3,
582 2174 623 2225 5,
648 2174 727 2216 31.
770 2174 891 2217 inter
934 2172 1067 2217 luxus

314 2233 621 2282 instrumenta
654 2230 877 2287 ἓσχαρίὸας
907 2231 1068 2285 ἅνθρά-

315 2307 401 2331 κων
442 2295 653 2336 recenset
695 2296 743 2335 et
775 2290 951 2336 Seneca
981 2292 1066 2346 Ep.

316 2351 388 2403 95,
430 2351 499 2394 26.
545 2351 760 2394 irascitur
811 2351 937 2406 quod
979 2350 1069 2394 cibi

315 2410 375 2454 ab
417 2411 520 2465 ipso
564 2410 671 2465 igne
708 2410 755 2453 in
787 2423 840 2453 os
873 2408 1068 2453 transfe-

314 2473 491 2520 runtur,
526 2469 629 2513 coll.
666 2469 823 2520 78,22.
857 2468 1067 2519 Nat.Qu.

312 2527 356 2579 4,
391 2529 460 2579 13,
493 2528 533 2571 9.
579 2528 656 2583 qui
698 2532 750 2571 ut
789 2527 937 2571 minus
970 2541 1066 2571 mo-

313 2587 421 2631 lesti
454 2591 621 2637 essent,
654 2586 857 2630 luriones
882 2585 1067 2630 fuerunt

314 2646 392 2701 qui
434 2645 491 2688 iis
534 2644 880 2689 assuefacerent
922 2645 1066 2688 mani-

311 2704 398 2749 bus
440 2704 488 2747 in
529 2704 755 2748 calentem
787 2717 955 2759 aquam
989 2705 1066 2748 de-

312 2763 464 2807 missis
507 2766 555 2807 et
594 2776 675 2807 ore
724 2775 865 2818 saepe
914 2763 1067 2806 calida

314 2822 504 2866 colluto.
539 2820 598 2867 cf.
630 2821 802 2866 Athen.
835 2822 875 2872 1,
907 2823 946 2865 9.
980 2835 1065 2866 nos

312 2881 373 2925 ad
418 2881 518 2925 408.
569 2906 623 2913 —
671 2894 756 2937 pro
803 2893 976 2925 rosas
1018 2881 1064 2924 in

1166 1637 1295 1682 libris
1327 1643 1400 1682 est
1427 1639 1591 1690 rosis,
1624 1638 1745 1683 unde
1775 1640 1913 1684 corri-

1166 1711 1250 1754 gas
1283 1699 1495 1753 accipe
1524 1699 1780 1750 exrosis,
1806 1699 1913 1755 quia

1165 1758 1369 1814 optimae
1402 1761 1581 1801 tantum
1614 1758 1927 1803 sumebantur*

1162 1818 1205 1860 4.
1252 1817 1448 1861 album
1490 1822 1542 1860 ut
1574 1817 1602 1860 4
1644 1822 1716 1861 est
1749 1819 1911 1874 unguis

1165 1877 1366 1920 candida
1397 1877 1533 1920 Plinii
1554 1878 1624 1927 21,
1650 1878 1749 1921 121.
1781 1876 1913 1927 λοβὸς

1165 1936 1343 1987 Galeni,
1385 1937 1487 1983 ὄνυξ
1528 1936 1685 1980 Diosc.
1727 1936 1767 1987 1,
1812 1937 1935 1981 130.»

1161 1997 1238 2052 qui
1255 1996 1440 2049 χυλίζειν
1463 1993 1529 2035 δεῖ
1551 1994 1598 2035 τοὶ
1625 1994 1767 2035 duale}
1791 1995 1909 2036 ἄπο-

1160 2057 1418 2111 ψαλίσαντας
1448 2053 1530 2094 ’τὸν
1573 2055 1712 2109 ὄνυχα
1746 2055 1908 2096 καλοὺ-

1158 2130 1292 2167 μενον
1325 2115 1433 2166 ὅπερ
1469 2113 1556 2154 ἐστὶ
1589 2114 1639 2155 τὸ
1675 2114 1827 2155 λευκόν
1857 2114 1907 2156 τὸ

1160 2172 1205 2213 ἓν
1235 2176 1295 2227 τῷ
1332 2173 1485 2227 φύλλῳ.
1531 2174 1714 2218 demere
1747 2174 1910 2218 eadem

1160 2233 1218 2276 de
1251 2246 1300 2276 re
1329 2245 1402 2287 ap.
1435 2231 1539 2276 Ael.
1567 2232 1720 2288 Spart.
1739 2233 1785 2276 in
1801 2232 1907 2277 Ael.

1159 2291 1266 2335 Ver.
1300 2292 1339 2334 5.
1385 2316 1438 2321 —-
1482 2293 1660 2336 semis
1694 2293 1739 2335 in
1770 2293 1909 2348 pluri-

1157 2350 1244 2395 bus
1279 2351 1423 2394 deest.

1220 2410 1281 2453 ad
1303 2410 1400 2452 131.
1435 2421 1582 2464 apua
1605 2410 1809 2454 abuam
1830 2414 1906 2461 βθ.

1158 2469 1587 2524 apuabuamylgvr.
1618 2469 1907 2524 apubuam

1158 2525 1195 2569 ὃ.
1230 2527 1611 2583 apabadiade
1655 2528 1726 2572 ed.
1759 2542 1825 2583 pr.
1861 2529 1907 2572 in

1159 2599 1250 2642 quo
1298 2590 1505 2630 monstro
1556 2587 1703 2631 latere
1748 2591 1908 2642 potest

1157 2646 1584 2700 apuabedrade
1642 2659 1723 2689 seu
1768 2658 1906 2700 apa-

1156 2704 1489 2756 bembradc,
1537 2710 1589 2748 ut
1635 2716 1757 2759 apua
1803 2705 1830 2747 i.
1865 2718 1904 2749 e.

1157 2763 1327 2820 aphya,
1368 2763 1496 2816 ἆφύη,
1538 2776 1684 2819 genus
1732 2763 1906 2807 minimi

1155 2823 1397 2877 pisciculi,
1452 2823 1599 2866 salmo
1661 2821 1904 2876 eperlanus

1154 2881 1253 2924 Lin.
1288 2881 1523 2937 spierling‚
1554 2880 1764 2932 schmelt,
1803 2894 1904 2925 cum
