2066 3276
718 235 819 282 Lib.
850 233 930 281 IV.
977 235 1250 280 Pandectes.
1699 235 1765 288 67
1835 200 1838 202 ·

374 413 641 482 Incipit
678 412 879 481 Apici
921 411 1117 465 Caeli
1157 410 1567 480 pandectes

848 546 978 599 LIB.
1020 545 1112 600 IV.

295 679 416 732 116.
471 677 635 729 Sala
676 678 1015 730 cottabia:
1069 677 1239 745 piper,
1281 682 1530 745 mentam,
1573 677 1770 746 apium,

178 752 412 821 puleium
450 751 672 817 aridum,
716 751 932 818 casiam7
972 753 1192 804 nucleos
1230 751 1438 819 pineOS‚
1486 751 1608 818 mel,
1650 769 1772 805 ace-

178 832 304 892 tum,
344 825 629 892 liquamen,
672 841 891 876 ovorum
930 825 1124 879 vitella.
1173 842 1330 892 quam
1371 831 1640 879 recentem
1678 842 1774 894 pa-

179 917 301 953 nem
342 916 409 952 ex
446 915 614 966 posca
654 904 981 951 maceratum
1022 898 1305 967 exp1·imeS‚
1354 915 1571 952 caseum
1611 900 1774 953 bubu-

178 974 303 1040 lum,
346 989 652 1025 cucumeres
690 972 746 1024 in
786 973 1076 1026 caccabnlo
1133 989 1406 1041 conpones
1446 973 1772 1058 interpositis

179 1046 408 1115 unguliS,
448 1051 619 1099 mutes
661 1046 915 1099 concisim
950 1046 1190 1115 copadiis
1224 1047 1458 1115 polcinis
1493 1048 1568 1099 uti
1602 1048 1773 1101 iocus-

182 1122 312 1175 culis
352 1120 682 1189 gallinarum.
723 1121 805 1174 ius
837 1119 1144 1190 perfundes.
1186 1138 1348 1217 super
1379 1120 1632 1190 frigidam
1667 1122 1775 1176 col-

178 1195 383 1250 locabis
424 1199 476 1248 et
514 1194 590 1249 sic
630 1211 889 1264 appones.

242 1327 304 1372 ad
325 1327 420 1370 116.
440 1341 470 1383 p
486 1326 774 1374 andecter
793 1327 932 1374 codd.

183 1387 442 1431 medicinae.
505 1387 760 1442 pandectas
821 1388 936 1431 Mat-

184 1446 348 1490 thaeus
401 1445 666 1503 Sylvaticus
724 1450 772 1490 et
824 1446 935 1490 iuris

183 1505 439 1561 pandectas
491 1506 680 1549 vocavit
722 1506 936 1549 Iustinia-

184 1578 282 1608 nus.
346 1564 456 1608 Tiro
504 1564 548 1608 in
590 1564 820 1619 pandecte
860 1577 933 1619 ap.

186 1623 363 1667 Charis.
383 1624 423 1674 2,
444 1623 542 1666 134.
563 1622 620 1667 cf.
654 1623 769 1666 Plin.
789 1621 935 1679 praef.

184 1687 331 1725 natur.
376 1681 483 1725 hist.
527 1686 561 1735 ξ.
596 1683 665 1725 23.
710 1682 826 1727 Gell.
864 1683 933 1734 13,

185 1743 226 1793 9,
267 1742 306 1784 3.
351 1741 575 1796 Ducange
613 1741 667 1785 T.
701 1741 743 1784 V
785 1755 828 1797 p.
861 1741 933 1785 48.

186 1824 242 1831 —-
297 1799 423 1844 sala
471 1801 740 1844 cattabia
799 1800 936 1846 codd.

187 1860 578 1903 salaoacabia
637 1873 753 1903 corr.
801 1860 936 1904 Hum.

189 1931 306 1974 quae
339 1919 431 1961 sint
471 1918 745 1969 ἄλοκακάβια,
789 1917 936 1959 ἄλιστοὶ

188 1976 234 2017 ἓν
291 1977 488 2032 κακκάβᾳ)
547 1975 767 2032 βρώματα,
816 1978 940 2022 salsa

189 2037 523 2087 caccabularia,
555 2036 737 2080 salsitia
756 2050 874 2093 quae
892 2037 938 2080 in

191 2096 400 2140 caccabis
434 2100 705 2151 coquantur,
744 2097 835 2141 cibi
867 2108 938 2140 sa-

189 2155 261 2199 liti
277 2155 322 2198 in
341 2155 445 2199 ollis
465 2155 600 2206 cocti,
624 2154 938 2199 kachelsulze.

189 2227 339 2258 meum
385 2214 665 2258 cottabia
709 2215 940 2270 explican-

192 2273 299 2317 dum
341 2286 398 2317 ex
439 2273 520 2317 illo
562 2274 740 2317 cottabi
771 2287 941 2330 genere

192 2345 266 2388 ap.
298 2330 470 2376 Athen.
509 2332 577 2383 15,
607 2333 646 2376 6.
681 2332 836 2377 Schol.
856 2334 942 2377 Lu-

193 2393 309 2435 cian.
329 2391 380 2434 T.
400 2391 454 2434 V.
489 2404 534 2446 p.
551 2391 652 2435 334.
688 2391 939 2438 ed.Lehm.

192 2450 238 2494 in
271 2463 362 2505 quo
396 2449 607 2494 similiter
645 2450 942 2495 acetabulum

192 2509 373 2552 innatat
415 2520 564 2564 aquae
607 2509 653 2552 in
686 2509 845 2564 pelvin
876 2510 941 2552 in-

193 2566 338 2612 fusae.
373 2566 429 2611 cf.
457 2567 624 2612 Iacobs
641 2567 795 2612 Verm.
815 2567 943 2612 Schr.

193 2627 270 2672 VI.
290 2640 333 2682 p.
356 2626 454 2669 113.
473 2639 600 2682 seqq.
632 2627 784 2671 Osann
801 2627 941 2672 Bcitr.

194 2700 231 2730 z.
277 2686 447 2730 literat.
498 2686 534 2727 1.
579 2699 621 2740 p.
670 2687 768 2730 111.
801 2686 945 2742 verba

199 2745 356 2801 „piper
389 2770 443 2775 —-
475 2744 665 2788 vitella“
701 2745 771 2789 ius
800 2746 945 2790 conti-

194 2810 306 2849 nent
339 2803 465 2860 quod
494 2817 634 2859 supra
650 2817 850 2848 massam
869 2805 947 2849 de-

197 2864 415 2920 scriptam
459 2861 666 2908 funditur
703 2867 946 2921 totumque

1024 1332 1263 1384 postremo
1307 1340 1446 1383 super
1477 1326 1650 1384 frigida
1682 1327 1777 1373 col-

1025 1388 1221 1438 locatur,
1265 1386 1311 1430 in
1353 1388 1482 1431 cuius
1514 1387 1669 1431 locum
1698 1388 1778 1431 nix

1025 1447 1110 1491 sub
1156 1458 1238 1490 ora
1280 1446 1543 1503 aspergitur
1586 1447 1685 1498 117,
1727 1450 1780 1491 ut

1024 1507 1072 1550 in
1115 1518 1169 1549 ea
1208 1509 1372 1550 natare
1405 1506 1633 1549 videatur.
1677 1506 1781 1550 sala

1024 1565 1089 1608 nil
1141 1569 1302 1619 potest
1353 1577 1455 1609 esse
1499 1565 1587 1608 nisi
1636 1565 1777 1617 salsa,

1026 1623 1323 1674 salsamenta,
1382 1623 1607 1680 salgama,
1658 1625 1780 1668 unde

1026 1687 1235 1727 nostrum
1264 1683 1391 1727 sulze
1412 1683 1508 1727 109.
1544 1695 1637 1739 qua
1658 1696 1707 1728 re
1726 1696 1782 1728 ea

1026 1742 1188 1798 patina
1221 1743 1429 1786 converti
1461 1747 1622 1798 potest
1653 1743 1783 1787 sulze

1028 1802 1089 1845 im
1123 1800 1371 1851 eisbecken
1405 1805 1453 1846 et
1480 1800 1679 1846 conferri
1699 1802 1782 1846 ho-

1030 1860 1191 1904 dierna
1207 1860 1432 1916 galatina,
1452 1861 1692 1906 Gallorum
1705 1875 1784 1918 ge-

1030 1920 1114 1963 lee.
1141 1945 1192 1950 -—
1214 1920 1438 1963 casiam
1470 1933 1551 1964 seu
1571 1921 1784 1972 cassiam,

1033 1979 1386 2022 cassienzimmt.
1403 1979 1579 2023 emend.
1594 1993 1680 2035 pro
1700 1992 1783 2024 ca-

1030 2051 1200 2082 seum.
1222 2062 1274 2067 -
1295 2050 1460 2093 quam
1478 2052 1562 2093 pro
1582 2051 1786 2095 aquam

1031 2102 1103 2141 est
1135 2110 1191 2140 ex
1223 2100 1265 2148 β.
1299 2122 1353 2125 -
1378 2098 1511 2152 panis
1543 2111 1690 2153 posca
1720 2098 1787 2141 in-

1031 2155 1160 2200 fusus
1203 2168 1277 2210 ap.
1323 2155 1446 2200 Cael.
1492 2169 1589 2200 aur.
1629 2157 1785 2201 chron.

1031 2217 1073 2267 3,
1108 2216 1148 2259 2.
1182 2215 1210 2257 i.
1245 2228 1282 2258 e.
1316 2214 1533 2270 perfusus
1577 2217 1639 2260 ad
1674 2216 1787 2261 Gar-

1032 2274 1114 2330 gil.
1146 2287 1190 2329 p.
1223 2274 1295 2316 41.
1335 2300 1389 2304 ——
1433 2275 1675 2331 ungulis
1707 2289 1788 2319 un-

1033 2332 1214 2389 gellis
1262 2334 1361 2377 182.
1406 2334 1506 2385 259,
1560 2334 1785 2379 trunculis

1031 2405 1164 2436 suum
1196 2392 1360 2447 scripsi
1384 2405 1470 2447 pro
1503 2393 1702 2437 nuclis
1736 2398 1784 2438 et

1032 2455 1223 2494 mutes
1273 2451 1560 2495 concisim
1609 2465 1790 2508 copa-

1034 2509 1153 2553 diis
1186 2510 1391 2565 porcinis
1415 2511 1483 2555 uti
1506 2511 1535 2556 i.
1559 2525 1643 2567 pro
1665 2525 1789 2556 con-

1035 2569 1144 2621 cisi
1203 2570 1418 2624 (ooncisis
1473 2571 1688 2626 capparis
1738 2571 1790 2625 ζ.)

1036 2629 1243 2683 capari
1274 2630 1489 2673 minuti
1520 2630 1562 2673 i.
1598 2629 1791 2674 011120.

1039 2688 1136 2731 187.
1161 2691 1364 2744 „mutes‘f
1386 2689 1527 2732 etiam
1545 2690 1792 2734 restituen-

1038 2746 1145 2791 dum
1182 2748 1282 2794 133.
1327 2753 1399 2792 est
1430 2754 1683 2803 permutes,
1727 2748 1793 2792 al-

1036 2806 1179 2851 ternis
1222 2819 1384 2862 ponas,
1434 2807 1601 2861 varies,
1644 2808 1794 2852 varia-

1036 2865 1119 2910 tim
1164 2879 1413 2922 compones
1460 2867 1557 2911 120.
1613 2870 1661 2912 et
1702 2867 1795 2913 ius
