2066 3276
638 248 739 292 Lib.
756 247 878 291 VIII.
913 247 1160 302 Tetrapus.
1612 247 1716 299 159

233 382 354 433 333.
396 381 459 432 In
499 396 683 447 aprum
726 396 904 431 assum
942 379 1059 430 iura
1097 377 1360 431 ferventia
1398 377 1568 430 facies
1603 377 1709 430 sic:

121 454 292 523 piper,
336 454 583 506 ciminum
621 454 850 519 frictum,
880 453 970 522 api
998 469 1198 518 semen,
1228 456 1480 518 mentam,
1510 451 1711 518 timum,

122 528 425 593 satureiam,
468 527 619 580 cneci
657 526 830 592 floreS,
872 526 1091 578 nucleos
1129 530 1298 578 tostos
1325 525 1413 577 vel
1440 524 1714 592 amigdala

121 605 278 667 tosta,
337 601 458 667 mel,
518 601 713 666 vinum,
774 600 1074 666 liquaminis
1133 599 1489 663 acetabulum,
1543 599 1717 652 oleum

122 674 404 726 modicum.

235 748 359 800 334.
399 746 569 799 Aliter
607 745 660 796 in
702 762 889 812 aprum
930 761 1106 797 assum
1148 745 1264 797 iura
1303 745 1595 797 ferventia:
1637 744 1715 812 pi-

123 838 220 888 per
258 820 560 888 ligisticum,
601 820 691 887 api
731 835 930 885 semen,
973 823 1221 884 mentam,
1258 819 1456 883 timum,
1498 819 1718 872 nucleos

123 894 307 960 tostOS,
350 894 543 958 vinum,
586 897 812 957 acetum,
852 893 1122 959 liquamen
1151 897 1202 944 et
1230 892 1403 943 oleum
1432 891 1717 946 modicum.

125 985 245 1021 cum
282 969 363 1019 ius
404 966 632 1035 simplex
673 966 917 1031 bullierit,
958 970 1083 1018 tunc
1109 966 1327 1018 triturae
1357 966 1575 1031 globum
1602 967 1717 1018 mit-

123 1043 189 1094 tis
231 1045 283 1093 et
334 1040 508 1107 agitas
564 1054 699 1106 cepa
752 1044 804 1091 et
854 1043 1004 1092 rutae
1055 1038 1330 1092 fasciculo.
1387 1039 1432 1091 si
1486 1040 1718 1093 volueris

123 1114 374 1184 pinguius
412 1113 611 1179 facere,
656 1113 835 1179 obliga
876 1113 920 1166 si
958 1113 1038 1164 vis
1086 1114 1207 1166 albo
1251 1129 1469 1165 ovorum
1497 1113 1716 1180 liquid0.

126 1205 310 1241 moves
350 1187 621 1256 paulatim.
664 1187 910 1254 aspargis
950 1187 1105 1256 piper
1144 1187 1321 1239 tritum
1363 1192 1414 1239 et
1452 1186 1666 1240 inferes.

238 1262 360 1315 335.
414 1263 504 1314 Ius
556 1262 610 1312 in
662 1277 850 1328 aprum
906 1261 1128 1314 elixum:
1191 1261 1361 1332 piper,
1415 1261 1717 1329 ligisticum,

128 1337 392 1403 ciminum,
434 1335 532 1402 sili,
577 1334 870 1401 origanum,
912 1335 1151 1402 nucleos,
1193 1336 1464 1403 cariotam,
1496 1352 1717 1405 senape,

126 1416 351 1476 acetum,
393 1410 661 1476 liquamen
702 1413 753 1461 ct
794 1410 982 1462 oleum.

238 1485 359 1537 336.
400 1484 489 1536 Ι118
528 1482 779 1550 frigidum
819 1483 872 1535 in
913 1500 1100 1553 aprum
1142 1483 1368 1536 elixum:
1406 1483 1577 1551 piper,
1635 1500 1722 1537 ca-

126 1575 291 1625 reum,
352 1557 654 1625 ligisticum,
710 1557 975 1609 coriandri
1028 1574 1211 1610 semen
1278 1556 1505 1624 frictum,
1579 1558 1723 1611 aneti

128 1649 329 1699 semen,
373 1631 689 1702 apisemen,
726 1631 924 1697 timum,
955 1631 1251 1698 origanum,
1288 1632 1569 1699 cepullam,
1599 1632 1722 1700 mel,

128 1711 355 1773 acetum,
396 1721 615 1772 senape,
657 1704 943 1772 liquamen,
985 1705 1176 1758 oleum.

128 1866 340 1917 murrina,
373 1865 622 1924 myrrhina.
669 1891 721 1896 -—
763 1878 875 1909 ma-

130 1927 160 1970 d
173 1939 197 1971 e
211 1940 231 1970 s
247 1939 271 1970 c
283 1939 310 1969 a
323 1931 343 1969 t
374 1926 632 1976 mollescat,
674 1930 876 1969 teneres-

130 1990 219 2037 cat‚
251 1990 520 2030 maceretur.
558 2010 610 2014 ——
654 1997 876 2040 senape

126 2044 260 2089 codd.
309 2045 405 2087 127.
449 2050 505 2088 et
536 2042 764 2088 inferes
809 2047 873 2086 θκ.

215 2103 276 2146 ad
307 2104 408 2146 332.
443 2108 796 2147 extenteras
830 2104 874 2147 in

125 2162 348 2218 plurimis,
382 2167 809 2206 extenteratas
843 2162 874 2210 ζ.

127 2226 450 2265 exenteras
496 2221 568 2266 ed.
602 2235 667 2276 pr.
704 2235 877 2266 exen-

126 2285 361 2325 teratas
393 2281 447 2323 H.
482 2280 685 2336 explicat
721 2294 878 2325 excor-

125 2340 309 2383 ticatas.
344 2340 611 2383 scribebant
646 2340 755 2383 olim
780 2345 878 2384 ten-

126 2411 305 2454 perare,
337 2399 458 2443 unde
491 2403 693 2443 mentum
727 2406 775 2443 et
805 2399 877 2442 43.

128 2483 181 2487 —-
216 2457 344 2500 sale
377 2456 575 2501 facies
607 2458 652 2500 in
685 2463 875 2512 septem.

129 2541 183 2548 —
216 2515 403 2560 ferme
434 2517 479 2559 in
514 2521 727 2572 quatuor,
753 2516 878 2572 quod

127 2580 199 2619 est
245 2575 459 2628 „ferine“‚
502 2588 587 2631 pro
632 2589 748 2619 voce
788 2589 880 2619 non

126 2634 367 2679 intellecta
399 2634 566 2678 lacuna
598 2639 669 2678 est
702 2635 746 2678 in
780 2638 849 2677 -θκ,

228 2694 288 2737 ad
327 2695 429 2737 333.
492 2693 711 2737 enechi
764 2692 883 2737 flos

128 2752 264 2798 codd.
299 2752 506 2796 enethi
539 2754 569 2800 ζ.
607 2752 884 2797 cniciflo-

128 2826 224 2857 res
256 2812 312 2856 H.
347 2813 393 2856 in
427 2825 573 2868 marg.
610 2812 754 2866 „alias
777 2825 884 2855 ane-

130 2871 241 2917 thi“.
276 2871 337 2915 ad
371 2873 469 2917 228.
508 2897 562 2903 -
606 2871 883 2928 liquami-

965 1867 1053 1910 nis
1086 1880 1142 1910 ex
1163 1879 1261 1922 par.
1287 1881 1374 1923 pro
1408 1867 1723 1924 liquamen.

967 1926 1295 1998 liquamen,
1374 1932 1605 1971 acetum
1666 1927 1722 1971 H.

969 1996 1194 2041 ὸζυγαρον.

1059 2059 1121 2102 311
1162 2059 1263 2103 334.
1329 2059 1422 2102 1118
1471 2059 1723 2114 simplex

968 2131 1167 2174 quocum
1202 2132 1309 2162 caro
1344 2130 1523 2173 apruna
1567 2119 1725 2174 coqui-

970 2184 1046 2221 tur
1078 2177 1178 2221 204.
1200 2204 1253 2208 -—
1286 2178 1574 2233 pinguius
1604 2190 1724 2221 cras-

970 2237 1065 2280 sius
1109 2250 1165 2280 ex
1205 2237 1322 2280 Plin.
1370 2236 1470 2279 Val.
1506 2238 1546 2289 2,
1588 2236 1647 2280 45
1678 2250 1722 2292 p.

973 2296 1072 2339 188.
1114 2296 1159 2339 b.
1203 2296 1274 2339 ed.
1320 2294 1433 2338 Ald.
1478 2308 1595 2340 corr.
1638 2309 1723 2351 pro

969 2355 1192 2410 pingue
1249 2355 1339 2398 ius
1401 2359 1456 2397 et
1516 2348 1725 2410 pingui

970 2414 1068 2456 ius.
1104 2413 1265 2457 similis
1291 2413 1490 2457 variatio
1508 2426 1585 2469 ap.
1604 2414 1722 2458 Cels.

970 2474 1012 2521 3,
1055 2467 1178 2515 ssfin.
1216 2498 1267 2502 —
1312 2486 1510 2516 moves
1544 2473 1724 2517 coclea-

971 2531 1040 2575 rio
1073 2544 1156 2575 seu
1188 2531 1357 2587 spatha
1389 2531 1599 2576 Scribon.
1621 2532 1693 2576 45.

1076 2612 1138 2655 ad
1183 2613 1284 2656 335.
1336 2612 1440 2656 sili
1487 2626 1603 2658 corr.
1652 2613 1722 2657 35.

972 2685 1056 2728 pro
1105 2671 1253 2716 silfi.
1310 2698 1363 2703 —
1408 2673 1518 2716 mel
1567 2685 1592 2717 e
1638 2685 1723 2717 suo

974 2731 1077 2775 cod.
1112 2731 1220 2775 add.
1255 2731 1387 2775 Hum.

1063 2812 1124 2856 ad
1156 2813 1257 2857 336.
1303 2812 1437 2857 deest
1469 2813 1513 2857 in
1546 2825 1642 2868 par.
1678 2816 1726 2857 et

976 2871 1046 2916 ed.
1081 2885 1151 2927 pr.
