2066 3276
705 257 805 302 Lib.
822 257 899 301 VI.
949 257 1190 313 Tropetes.
1630 256 1732 308 129

257 392 378 445 250.
420 392 681 445 Pullum
721 390 1270 443 frontonianum:
1324 388 1526 455 pullum
1577 404 1730 456 prae·

147 466 295 532 dura,
340 466 558 519 condies
597 465 885 532 liquamine
927 464 1045 516 oleo
1086 463 1266 530 mixto,
1311 462 1395 516 cui
1433 461 1594 514 mittis
1626 460 1733 514 fas-

147 540 372 592 ciculum
412 540 570 606 aneti,
611 539 771 606 porri,
812 541 1076 591 satureiae
1131 542 1183 590 et
1236 535 1500 589 coriandri
1550 534 1734 588 viridis

147 619 198 665 et
239 629 451 681 coques,
495 613 583 665 ubi
624 617 804 665 coctus
843 611 1014 676 fuerit,
1057 611 1263 663 lavabis
1307 626 1443 675 eum,
1483 609 1539 660 in
1579 608 1735 663 lance

147 685 369 739 defricto
410 702 733 754 perungues,
777 686 931 755 piper
970 684 1217 753 aspargis
1260 689 1312 737 et
1350 682 1565 736 inferes,

259 761 380 813 251.
447 760 712 811 Pullum
774 756 1356 824 tracto'galatum:
1421 757 1620 824 pullum
1647 773 1734 810 co-

148 850 276 900 ques
303 833 606 901 liquamine,
650 833 784 898 ole0,
826 832 967 898 vinc,
1011 831 1094 884 cui
1120 831 1281 882 mittis
1304 830 1615 883 fasciculum
1650 847 1737 883 co-

145 906 361 974 riandri,
387 923 590 974 cepam.
619 904 814 958 deinde
837 922 955 958 cum
979 910 1160 958 coctus
1186 904 1358 971 fuerit,
1380 904 1589 957 levabis
1619 920 1739 957 eum

147 979 215 1033 de
254 981 367 1033 iure
407 996 502 1032 suo
545 984 597 1032 et
637 979 794 1032 mittis
845 979 900 1031 in
954 980 1245 1032 caccabum
1298 995 1495 1031 novum
1546 978 1632 1031 lac
1687 983 1739 1032 et

146 1054 311 1107 salem
351 1052 632 1120 modicum,
674 1054 778 1107 mel
819 1058 870 1107 et
910 1069 1083 1119 aquae
1126 1053 1355 1106 eminam
1399 1051 1470 1124 [id
1513 1057 1593 1104 est
1630 1056 1735 1105 ter-

145 1127 271 1179 tiam
310 1125 553 1198 partem].
595 1127 750 1195 ponis
790 1126 861 1180 ad
899 1126 1080 1194 ignem
1118 1127 1317 1180 lentum
1369 1132 1423 1179 ut
1473 1131 1734 1194 tepescat.

145 1205 368 1255 tractum
409 1201 699 1268 confringis
740 1206 792 1255 et
830 1201 990 1254 mittis
1030 1201 1303 1272 paulatim,
1358 1199 1575 1254 assidue
1627 1201 1739 1268 agi-

146 1280 228 1328 tas
268 1292 334 1329 ne
374 1280 568 1329 uratur.
610 1275 811 1344 pullum
843 1276 951 1329 illic
991 1276 1151 1328 mittis
1179 1276 1444 1343 integrum
1472 1275 1558 1328 vel
1586 1292 1740 1343 carp-

146 1355 270 1401 tum.
313 1350 552 1403 versabis
590 1350 644 1402 in
694 1351 869 1419 lance,
923 1367 1078 1419 quem
1131 1349 1423 1418 perfundis
1479 1349 1560 1402 ius
1600 1350 1736 1403 tale:

146 1423 316 1494 piper,
358 1424 658 1490 ligisticum,
701 1424 993 1492 origanum,
1035 1424 1295 1476 suffundis
1320 1425 1425 1477 mel
1455 1429 1507 1477 et
1548 1423 1738 1478 defric-

146 1503 254 1549 tum
294 1497 560 1551 modicum
603 1503 655 1551 et
692 1498 773 1551 ius
814 1498 881 1552 de
922 1515 1016 1551 suo
1046 1498 1161 1551 sibi.
1206 1504 1491 1566 temperas.
1532 1498 1586 1550 in
1622 1515 1740 1551 cac·

149 1571 337 1625 cabulo
378 1571 545 1624 facies
585 1577 642 1624 ut
680 1573 879 1625 bulliat.
924 1589 1042 1626 cum
1083 1573 1329 1639 bullierit,
1372 1572 1549 1625 amolo
1608 1573 1738 1626 obli-

147 1662 245 1712 gas
287 1650 339 1698 et
375 1644 586 1698 inferes.

261 1719 383 1772 252.
435 1719 641 1770 Pullum
707 1718 842 1772 sicut
905 1718 1096 1772 alicam
1165 1736 1352 1786 coque.
1419 1719 1739 1773 caminatum

148 1810 181 1844 a
221 1793 428 1846 cervice
470 1793 743 1860 expedies,
799 1798 939 1845 teres
979 1793 1151 1863 piper,
1206 1794 1509 1860 ligisticum,
1565 1794 1737 1861 gingi-

148 1867 259 1934 ber,
301 1867 517 1937 pulpam
561 1883 792 1933 caesam,
834 1867 1024 1920 alicam
1068 1868 1281 1935 elixam,
1323 1872 1465 1921 teres
1507 1868 1740 1922 cerebel-

236 1997 299 2041 ad.
315 1998 413 2042 250.
449 1997 707 2044 fronton.
725 2002 776 2042 ut
793 1999 894 2042 380.

150 2056 324 2100 dictum
363 2069 390 2100 a
430 2058 664 2102 Frontone
699 2058 776 2114 qui
809 2058 895 2101 sub

149 2116 432 2171 Imperatore
479 2116 650 2161 Severo
692 2117 808 2161 vixit
851 2122 899 2161 et

153 2174 363 2230 Geopon.
407 2176 446 2226 7,
494 2178 559 2219 12.
607 2177 678 2220 22.
717 2178 784 2227 12,
828 2176 896 2220 10.

155 2234 222 2284 19,
247 2236 285 2276 2.
322 2235 504 2286 citatur,
539 2247 596 2278 an
628 2248 656 2278 a
690 2236 720 2279 Ι.
755 2236 898 2279 Fron-

152 2297 261 2337 tone
293 2294 420 2337 cuius
458 2295 663 2338 meminit
694 2294 898 2338 Iuvenal.

155 2353 293 2401 1,12
329 2353 524 2397 Martial.
562 2355 600 2405 1,
634 2354 704 2397 56
741 2379 795 2385 —
828 2354 899 2397 le-

154 2410 322 2454 vabis
365 2411 409 2455 in
452 2426 542 2456 uno
577 2429 609 2452 π
647 2414 779 2457 Hum.
813 2426 898 2468 pro

154 2469 269 2513 lav.
318 2495 369 2499 —
408 2484 748 2528 perungues
792 2472 819 2514 i.
857 2484 898 2527 q.

153 2527 418 2583 perfundes,
462 2531 587 2586 quod
629 2532 761 2575 Hum.
807 2530 901 2575 edi-

155 2587 238 2639 dit,
280 2588 355 2632 vel
403 2595 652 2646 pertanges
701 2591 802 2634 395.

243 2647 304 2690 ad
337 2648 437 2693 ⁴251.
485 2662 569 2704 pro
603 2654 803 2693 tracto
837 2649 902 2692 la-

156 2718 273 2749 cuna
289 2708 332 2750 in
356 2710 419 2750 θκ.
439 2708 501 2751 ad
522 2709 618 2752 188.
640 2734 691 2738 —
711 2709 802 2752 ole
818 2723 901 2752 um

155 2766 200 2808 in
233 2779 325 2810 sex.
364 2793 415 2796 —
456 2768 692 2812 levabis
723 2768 814 2811 iam
847 2768 902 2813 H.

157 2838 270 2869 corr.
318 2839 402 2881 pro
448 2827 561 2870 lav.
605 2826 660 2870 cf.
706 2828 805 2870 216.
853 2852 902 2857 -

157 2896 348 2940 aquae
393 2886 674 2930 minimum
716 2899 812 2941 par.
857 2891 906 2930 ut

204 2959 242 2991 C.
269 2960 422 2999 Apicius
449 2962 505 2992 ed.
532 2961 688 2993 Schuch.

988 2011 1138 2055 aquae
1155 1999 1386 2045 modicum
1406 2001 1504 2044 188.
1538 2013 1647 2056 aqu
1660 2012 1742 2044 am

989 2059 1232 2102 eminam
1281 2059 1351 2103 ed.
1406 2072 1472 2115 pr.
1534 2071 1740 2116 aquam

990 2118 1315 2161 eminimum
1348 2132 1442 2162 sex.
1481 2143 1535 2150 —-
1581 2124 1745 2162 trac-

990 2182 1103 2220 tam
1136 2177 1207 2221 ed.
1242 2191 1307 2232 pr.
1342 2183 1538 2234 utraque
1572 2191 1664 2222 vox
1698 2178 1745 2221 in

990 2249 1087 2280 usu.
1111 2261 1164 2267 —-
1198 2236 1331 2280 illic
1363 2237 1484 2281 illuc.
1507 2262 1559 2270 —
1588 2249 1745 2292 carp-

991 2300 1105 2339 tum
1150 2300 1462 2351 concerptam,
1495 2296 1746 2351 particula-

991 2355 1073 2397 tim
1107 2355 1339 2398 concisum
1369 2357 1466 2399 133.
1497 2356 1587 2398 iam
1614 2356 1745 2398 Hum.

991 2426 1076 2468 pro
1110 2414 1404 2458 cariotum
1446 2414 1522 2458 vel
1556 2414 1747 2458 cario-

992 2478 1124 2516 tam.
1174 2498 1228 2504 —
1277 2473 1551 2518 versabis
1598 2486 1747 2529 pones

993 2531 1091 2575 249.
1143 2557 1197 2563 —
1246 2532 1336 2576 ius
1386 2532 1510 2577 tale
1561 2533 1748 2588 parabis

994 2591 1095 2636 216.
1129 2605 1214 2636 nos
1232 2591 1488 2636 diceremus
1526 2605 1748 2648 „eumque

994 2656 1217 2706 sequente
1249 2651 1347 2696 iure
1379 2649 1662 2707 perfundis“.

1084 2710 1146 2754 ad
1195 2711 1293 2754 252.
1367 2712 1563 2767 primum
1611 2724 1749 2754 mem-

994 2769 1127 2813 brum
1173 2784 1311 2814 unum
1356 2784 1413 2815 ex
1458 2770 1750 2825 corruptissi-

996 2829 1080 2872 mis
1116 2834 1199 2873 est.
1246 2828 1336 2874 feci
1370 2830 1497 2886 quod.
1529 2830 1661 2885 potui
1696 2842 1752 2873 ex

998 2888 1099 2931 cod.
1150 2892 1200 2938 βε
1265 2890 1491 2943 pullum
1548 2889 1635 2932 sic
1691 2893 1754 2933 ut

1551 2980 1577 3021 9
