2066 3276
214 246 247 297 6
889 242 1138 288 Praefatio.

213 384 266 433 et
303 378 604 432 testimonio
640 379 756 430 Tuo
798 377 1054 445 singulari
1092 394 1178 430 me
1217 381 1476 445 perpetuo
1514 376 1800 442 ornaveriS,

211 468 314 522 nisi
356 484 458 536 ego
500 469 579 521 Te
619 467 967 520 vehementer
1007 466 1228 534 diligam
1263 471 1315 520 et
1343 483 1678 535 summopere
1713 468 1801 520 ob-

212 574 423 612 servem
460 573 743 624 meumque
784 555 903 609 Tibi
945 556 1123 623 aliqua
1164 573 1231 609 ex
1269 560 1422 625 parte
1453 561 1660 623 gratum
1694 556 1803 609 ani-

210 664 353 700 mum
404 645 699 713 ostendam,
754 646 1092 714 inhumanUS‚
1133 646 1393 699 barbarus
1432 644 1657 699 iudicari
1698 663 1803 699 me-

209 737 308 790 rito
348 736 566 805 possim.
623 752 943 802 quamquam
997 735 1135 789 enim
1187 735 1296 788 scio
1346 735 1425 788 Te
1468 750 1587 788 esse
1627 734 1803 788 animo

209 831 321 879 tam
376 825 590 880 excelso
644 841 968 893 magnoque,
1028 830 1085 878 ut
1135 824 1263 878 nihil
1322 842 1553 892 unquam
1612 825 1668 878 in
1719 843 1803 880 me

212 916 370 970 officii
411 915 712 983 contuleris,
766 920 822 967 ut
861 914 1090 983 gratiam
1130 914 1250 968 Tibi
1292 932 1325 968 a
1364 932 1450 968 me
1490 914 1675 968 referri
1716 921 1806 970 aut

212 1010 561 1076 exspectares
602 1009 694 1057 aut
731 1005 916 1071 velles,
966 1008 1145 1057 tamen
1187 1003 1322 1058 sicut
1361 1005 1443 1057 Tu
1484 1005 1804 1058 benevolen-

208 1095 335 1149 tiam
390 1096 562 1148 Tuam
611 1093 668 1146 in
718 1111 804 1148 me
855 1098 1067 1147 exstare
1114 1093 1343 1161 voluisti,
1396 1093 1471 1147 ita
1508 1094 1636 1147 mihi
1676 1094 1803 1148 dan-

210 1186 338 1238 dam
393 1201 512 1238 esse
554 1200 776 1253 operam
818 1183 1078 1251 existimo,
1127 1190 1183 1236 ut
1222 1184 1399 1251 aliquo
1442 1184 1630 1237 saltem
1670 1183 1803 1251 vigi-

208 1275 398 1328 liarum
444 1289 683 1327 mearum
735 1274 1047 1327 munusculo
1107 1274 1186 1326 Te
1239 1273 1483 1341 afficiam,
1541 1271 1597 1324 id
1663 1272 1805 1339 quod

214 1364 313 1418 erit
353 1362 630 1428 eiusmodi,
671 1366 728 1414 ut
767 1379 872 1415 non
913 1380 946 1415 a
985 1380 1069 1416 me
1108 1362 1453 1430 proficiscens
1494 1362 1564 1415 ad
1604 1363 1683 1416 Te
1716 1378 1804 1415 ve-

212 1452 342 1520 niat,
398 1450 495 1505 sed
546 1455 604 1504 ut
658 1452 755 1505 abs
795 1452 874 1505 Te
914 1451 1061 1520 prius
1101 1451 1399 1521 profectum
1438 1451 1671 1519 mihique
1713 1451 1804 1504 do-

211 1546 393 1595 natum
430 1557 572 1594 nunc
611 1540 683 1593 ad
721 1541 801 1595 Te
840 1541 1034 1594 reverti
1072 1540 1231 1594 valde
1272 1540 1464 1610 cupiat.
1505 1541 1685 1608 itaque
1725 1541 1806 1593 Tu

210 1634 430 1700 praeter
470 1633 685 1684 caetera
732 1630 850 1683 Tua
887 1629 941 1682 in
980 1647 1066 1684 me
1106 1630 1294 1683 merita
1340 1635 1638 1683 currentem
1677 1629 1804 1684 inci-

210 1719 353 1788 tasti,
395 1717 630 1773 mendici
671 1719 911 1772 omnibus
952 1719 1111 1773 armis
1151 1718 1540 1787 praesidiisque
1570 1718 1805 1773 destituti

209 1825 396 1878 peram
447 1807 736 1878 implevisti
790 1808 1020 1876 quinque
1081 1807 1353 1862 codicibus
1411 1808 1801 1878 manuscriptiS,

211 1915 344 1965 quos
397 1897 603 1966 ingenti
655 1897 794 1951 aeris
848 1897 1088 1967 pondere
1136 1914 1232 1966 per
1283 1897 1425 1950 viros
1477 1897 1555 1951 rci
1602 1898 1803 1966 peritos

211 1986 500 2055 diligenter
538 1987 626 2041 vel
666 1986 1052 2041 describendos
1091 1988 1180 2042 vel
1220 1986 1574 2040 conferendos
1610 1988 1805 2041 curasti

210 2094 317 2130 non
356 2076 611 2144 ignorans
663 2077 901 2131 laborem
949 2077 1285 2145 ingeniorum
1325 2076 1439 2130 sine
1478 2076 1671 2130 talibus
1712 2076 1804 2130 ad-

207 2166 458 2220 iumentis
497 2166 811 2234 plerumque
864 2183 1058 2219 vanum
1109 2182 1228 2220 esse
1279 2166 1578 2232 multasque
1617 2183 1804 2220 manus

210 2270 342 2308 onus
396 2255 563 2308 levius
620 2254 847 2322 efficere,
917 2254 1161 2323 Apicium
1218 2255 1417 2308 habere
1471 2271 1578 2307 non
1630 2272 1805 2323 pauca

210 2361 347 2412 quae
398 2362 466 2398 ne
518 2344 712 2413 Apollo
755 2343 971 2410 quidem
1007 2343 1303 2411 intellegat,
1358 2360 1524 2411 opera
1565 2343 1803 2412 Sibyllae

209 2433 259 2487 ei
312 2449 446 2501 opus
499 2449 636 2500 esse,
689 2433 838 2486 locos
889 2433 1194 2486 innumeros
1249 2432 1530 2486 cimmeriis
1569 2432 1803 2486 tenebris

206 2522 489 2589 involutos,
531 2527 588 2575 ut
625 2539 694 2575 ne
733 2521 1088 2576 Execestides
1130 2521 1343 2589 quidem
1383 2520 1525 2574 viam
1564 2521 1803 2576 invenire

206 2610 396 2679 possit.

320 2698 469 2762 Quae
521 2716 606 2753 res
658 2698 890 2752 maxime
943 2700 1117 2753 solent
1168 2700 1501 2767 antiquorum
1539 2699 1687 2754 libris
1726 2698 1801 2751 la-

206 2789 330 2841 bem
368 2788 567 2842 inferre
608 2805 706 2841 eae
745 2787 990 2842 videntur
1031 2805 1215 2842 omnes
1268 2788 1340 2842 ad
1396 2787 1798 2857 depravandum

206 2876 308 2932 hoc
347 2877 502 2949 Apici
544 2877 855 2948 opusculum
909 2877 1262 2946 conspirasse,
1316 2876 1470 2932 huius
1525 2877 1665 2933 enim
1715 2893 1801 2933 co·
