2066 3276
253 238 357 292 196

754 238 855 282 Lib.
881 238 936 282 X.
982 237 1146 282 Alieus
1179 238 1364 282 libatus.

253 380 352 440 taS,
397 373 679 440 sfondilos,
723 374 917 427 urticas
956 373 1011 426 in
1052 375 1341 427 caccabum
1380 374 1571 439 mittcS,
1626 373 1843 427 nucleos

257 453 425 502 tostos
467 449 728 514 conciSOS,
770 453 955 513 rutam,
1010 447 1206 515 apium,
1262 449 1432 518 piper,
1489 447 1841 515 coriandrum,

256 523 520 589 ciminum,
561 539 795 590 passum,
836 522 1121 589 liquamen,
1164 522 1435 590 cariotum,
1479 523 1667 575 oleum.

355 668 617 739 Incipit
656 668 857 738 Apici
901 668 1103 723 Caeli
1143 669 1374 723 alieus
1412 670 1695 723 libatus.

925 803 1055 857 LIB.
1099 804 1167 858 X.

366 939 491 992 445.
536 940 651 991 Ius
692 937 1129 993 diabotanon
1167 936 1232 989 in
1260 937 1458 1004 pisce
1486 937 1699 990 frixo:
1738 938 1840 1006 pis·

254 1030 371 1068 cem
412 1013 700 1081 quemlibet
741 1030 911 1080 curaS,
954 1011 1132 1079 salias,
1173 1011 1355 1079 friges.
1397 1017 1539 1066 teres
1571 1013 1742 1082 piper,
1772 1012 1840 1066 ci'-

245 1165 298 1206 ut
349 1161 650 1218 intellegatur
701 1161 759 1206 de
808 1161 1004 1217 opsonio

247 1220 374 1277 quod
419 1220 556 1265 rebus
606 1221 801 1265 invicem
850 1221 1005 1264 mixtis

250 1285 298 1325 et
342 1280 518 1324 coactis
562 1280 896 1336 obduratisque
944 1279 1003 1323 ob

249 1339 662 1384 condensationem
684 1340 815 1395 quasi
833 1339 1002 1383 fartum

249 1402 298 1443 et
332 1398 629 1454 coagulatum
663 1403 902 1454 appareat.
938 1398 1002 1441 in-

249 1457 350 1502 triti
381 1471 527 1514 genus
553 1458 838 1502 embractum
861 1458 1002 1501 inter-

249 1521 465 1572 pretatur
496 1515 706 1573 Scaliger
724 1517 784 1560 ad
809 1516 1002 1561 Varron.

249 1577 297 1620 L.
317 1576 366 1619 L.
391 1588 436 1631 p.
472 1575 539 1619 74.
564 1577 636 1620 ed.
655 1576 756 1631 Bip.
788 1575 1004 1620 derivan-

249 1634 357 1679 dum
389 1635 448 1678 ab
468 1633 709 1689 ἕμβρέχειν.
743 1635 942 1692 Hesych.
962 1636 1000 1677 1.

247 1707 292 1750 p.
340 1694 468 1738 1263.
514 1695 705 1748 ἔντριτον
745 1693 794 1734 τὸ
830 1695 999 1735 Διονυ-

246 1756 344 1793 σίου
378 1754 598 1809 ἔμβρωμα,
641 1751 667 1793 ὃ
700 1752 882 1793 Γαλάται
915 1752 999 1806 ἒμ-

245 1811 430 1866 βρεκτὸν
464 1826 586 1865 φασιν
604 1826 705 1856 cum
729 1813 927 1867 interpp.
953 1817 1001 1857 et

246 1870 307 1914 ad
353 1871 574 1923 ἔνθρυπτα
614 1885 659 1927 p.
705 1871 832 1914 1240.
873 1871 996 1914 1241.

246 1930 843 1975 nosad359.-ostreas
862 1931 998 1974 codd.

245 1988 307 2032 ad
342 1991 410 2032 12.
442 1989 887 2047 *sphondylos
926 1990 996 2033 ed.

245 2061 310 2103 pr.
348 2047 403 2093 cf.
426 2048 500 2092 42.
530 2049 763 2105 spondyli,
796 2049 999 2106 spondy-

244 2107 309 2151 lia
354 2120 429 2163 ap.
474 2107 598 2152 Cael.
644 2107 806 2152 Aurel.
844 2107 996 2151 chron.

244 2168 287 2218 3,
331 2168 372 2210 2.
417 2171 524 2211 sunt
567 2167 787 2224 spondyli
829 2167 998 2221 gaede-

244 2226 347 2281 ropi
358 2227 408 2269 L.
421 2225 825 2281 lazarusklappen,
835 2225 1001 2280 klapp-

243 2284 505 2336 muscheln,
568 2284 1000 2335 stachelmuscheln,

246 2344 322 2387 vel
365 2343 628 2388 accuratius
671 2356 828 2388 eorum
862 2343 1001 2387 verti-

245 2402 354 2453 cilli,
403 2402 608 2447 cervices
654 2415 690 2445 s.
736 2402 999 2457 superiores

242 2465 403 2516 partes
448 2461 658 2505 duriores
692 2465 740 2505 ct
772 2465 999 2505 concoctu

244 2520 548 2571 difficiliore&
597 2520 850 2575 opponitur
890 2533 999 2574 pars

242 2579 438 2623 interior
482 2583 530 2623 et
572 2577 762 2623 inferior
799 2579 998 2630 mollior,

244 2637 464 2688 tenerior,
529 2641 754 2681 concoctu
817 2636 1000 2681 facilior

244 2708 364 2752 quae
396 2695 640 2740 dicebatur
671 2695 822 2750 μήκων
853 2709 994 2752 papa-

244 2768 338 2799 ver.
375 2753 429 2799 cf.
466 2756 588 2799 Fest.
623 2768 669 2810 p.
702 2755 802 2798 367.
845 2755 999 2798 Xeno-

244 2818 358 2858 crat.
391 2826 463 2869 ap.
483 2813 649 2858 Ideler.
681 2814 714 2857 I.
749 2827 795 2869 p.
821 2814 920 2864 127,
957 2815 997 2857 6.

246 2873 346 2926 128,
382 2873 420 2916 7.
454 2873 651 2931 interpp.
685 2872 745 2916 ad
763 2871 937 2916 Athen.
955 2873 997 2924 3,

1097 1159 1155 1204 34
1186 1157 1263 1204 fin.
1296 1174 1339 1215 p.
1374 1161 1444 1204 92.
1478 1161 1520 1211 3,
1551 1160 1620 1203 42.
1655 1160 1840 1205 Petron.

1100 1220 1198 1271 130,
1234 1220 1273 1264 7.
1307 1218 1507 1276 Hesych.
1542 1220 1596 1262 11.
1633 1233 1675 1274 p.
1713 1219 1841 1264 1409.

1096 1278 1182 1322 lex.
1218 1279 1262 1322 in
1294 1277 1514 1334 τράχηλος.
1536 1278 1641 1322 huic
1655 1279 1842 1322 mollus-

1097 1350 1177 1382 cae
1190 1337 1386 1393 Neapoli
1403 1351 1569 1382 nomen
1587 1342 1658 1382 est
1674 1352 1842 1393 spuon-

1096 1397 1221 1448 nulo,
1262 1398 1450 1441 Tarenti
1493 1398 1839 1453 scataponzolo.

1096 1456 1155 1499 ad
1193 1458 1288 1500 133.
1311 1483 1364 1488 —
1399 1457 1691 1501 cariotum
1724 1470 1839 1501 corr.

1094 1528 1179 1570 pro
1214 1520 1518 1560 careotam
1547 1516 1742 1560 etHum.
1763 1528 1840 1559 ca-

1094 1588 1330 1619 roenum
1364 1574 1436 1619 34.

1181 1634 1272 1678 Ad
1305 1634 1446 1678 libr.
1479 1634 1544 1677 X.
1578 1634 1842 1678 inscribitur

1091 1692 1228 1740 ἁλιεύς
1254 1694 1363 1749 quia
1380 1693 1663 1737 diversorum
1684 1698 1731 1737 et
1747 1706 1839 1737 ma-

1092 1752 1292 1797 rinorum
1341 1758 1389 1796 et
1445 1752 1737 1797 fluviatilium
1794 1757 1840 1797 et

1091 1811 1396 1867 omnigenefis
1420 1812 1611 1867 piscium
1631 1812 1840 1856 conditu-

1092 1871 1396 1915 rascontinet.
1424 1871 1659 1915 alieves
1683 1871 1839 1915 libus

1091 1930 1196 1973 lib.
1239 1930 1310 1973 X.
1351 1930 1396 1973 in
1443 1930 1665 1985 plurimis,
1713 1931 1839 1985 quod

1092 1989 1412 2044 compendium
1457 1994 1528 2033 est
1558 1989 1745 2039 libatus,
1788 1994 1840 2033 ut

1090 2048 1224 2092 luxus
1257 2054 1329 2092 est
1358 2048 1544 2092 luxatus
1575 2049 1621 2091 in
1650 2047 1838 2092 Sallust.

1091 2105 1143 2150 fr.
1179 2107 1220 2158 5,
1253 2108 1293 2150 2.
1328 2108 1373 2150 in
1405 2119 1496 2151 una
1528 2107 1598 2151 ed.
1632 2121 1699 2162 pr.
1737 2107 1840 2150 ali-

1092 2179 1194 2210 eus
1227 2166 1319 2210 vel
1353 2166 1736 2210 halieuticon
1766 2166 1840 2209 li-

1092 2225 1196 2270 ber
1229 2225 1506 2276 decimus,
1540 2224 1595 2269 cf.
1623 2224 1839 2269 Heinrich

1093 2284 1153 2328 ad
1185 2284 1330 2328 Persii
1361 2285 1454 2328 Vit.
1488 2298 1531 2339 p.
1565 2284 1636 2327 49.
1670 2288 1770 2327 not.
1799 2285 1838 2327 1.

1092 2343 1220 2386 —in
1253 2343 1524 2398 piscibus
1552 2343 1644 2386 lib.
1663 2343 1720 2385 X.
1741 2354 1837 2397 par.

1092 2405 1140 2445 et
1179 2402 1224 2445 in
1268 2406 1475 2446 extremo
1509 2401 1626 2445 libro
1665 2400 1728 2444 nil
1760 2400 1839 2444 ha-

1091 2460 1173 2504 bet
1204 2461 1292 2504 nisi
1329 2462 1469 2512 Τελος,
1514 2460 1592 2504 ubi
1623 2460 1669 2503 in
1703 2460 1837 2503 codd.

1089 2520 1283 2563 recurrit
1299 2519 1425 2563 istud
1447 2519 1640 2572 „libus“.
1661 2519 1700 2562 si
1717 2531 1839 2562 com-

1088 2579 1307 2633 pendium
1358 2583 1484 2622 recte
1525 2577 1748 2633 intellego
1792 2581 1840 2620 et

1092 2636 1316 2690 „libatus“
1343 2650 1451 2681 vere
1468 2637 1747 2692 interpretor
1763 2649 1838 2680 ex—

1090 2700 1290 2750 cerptus,
1332 2696 1371 2739 is
1403 2695 1587 2740 libellus
1621 2698 1839 2749 excerpta

1090 2755 1277 2799 maioris
1295 2755 1448 2810 operis
1467 2754 1686 2804 continet,
1720 2765 1837 2808 quae

1089 2813 1179 2857 sibi
1223 2813 1405 2858 Caelius
1448 2813 1634 2869 quidam
1676 2810 1838 2855 fecerit

1089 2876 1141 2917 ut
1171 2872 1254 2917 illa
1284 2873 1330 2916 in
1363 2872 1466 2920 cod.
1501 2872 1684 2917 salmas.
1710 2870 1837 2916 Vini-
