2066 3276
771 289 869 334 Lib.
902 289 936 333 1.
1000 286 1248 345 Epimelcs.
1744 282 1815 340 33

223 441 353 491 ques
395 429 447 477 et
484 424 659 476 mittes
697 422 752 474 in
790 440 887 476 vas
934 423 988 475 in
1028 439 1132 492 quo
1175 425 1227 476 et
1266 436 1396 473 uvas
1436 419 1597 472 mittis
1636 418 1813 490 vaspi-

223 515 339 551 cem
381 503 433 551 et
470 498 672 568 gipsari
711 497 877 551 facies
918 502 970 550 et
1008 497 1063 548 in
1101 498 1277 550 locum
1315 494 1568 561 frigidum
1608 493 1697 546 ubi
1737 493 1818 545 sol

223 588 500 625 accessum
536 588 645 624 non
679 570 839 625 habet
876 571 1002 639 poni
1041 570 1210 623 facias
1253 573 1319 635 et,
1376 567 1589 635 quando
1627 567 1818 619 volue-

222 645 308 712 ris,
350 662 482 698 uvas
514 645 711 698 virides
745 645 1002 699 invenies.
1035 654 1087 698 et
1117 645 1290 714 ipsam
1324 659 1517 709 aquam
1552 657 1648 713 pro
1677 640 1817 694 idro-

223 719 365 773 melli
417 720 566 786 aegii
620 719 788 772 dabis.
823 724 875 772 et
928 718 971 771 si
1022 719 1077 770 in
1128 717 1291 770 ordeo
1336 718 1546 784 obruaS‚
1599 715 1818 769 illaesas

221 792 478 846 invenies.

340 867 420 918 18
463 866 543 918 Ut
575 866 754 917 mala
789 870 853 918 et
879 866 1051 917 mala
1075 868 1368 931 granata
1396 861 1512 914 diu
1540 861 1665 915 dur
1684 867 1815 916 ent:

222 940 276 992 in
327 956 520 1006 aquam
573 937 877 1010 (marinam)
927 937 1156 992 calidam
1208 937 1503 991 ferventem
1543 953 1727 1004 merge
1768 941 1821 990 et

223 1013 399 1066 statim
438 1014 561 1066 leva
602 1018 654 1066 et
695 1012 982 1082 suspende.

271 1134 273 1136 .
340 1088 423 1139 19.
465 1087 546 1140 Ut
583 1087 760 1139 mala
801 1086 1079 1140 cidonia
1120 1085 1235 1137 diu
1275 1089 1673 1138 serventur:
1730 1084 1819 1138 eli-

224 1160 307 1228 gis
345 1161 488 1214 mala
528 1160 643 1214 sine
681 1161 807 1213 vitio
850 1177 969 1213 cum
1007 1160 1222 1213 ramulis
1264 1164 1316 1212 et
1354 1159 1494 1212 foliis
1546 1157 1819 1229 (ficulnis),

226 1234 426 1288 condes
465 1235 519 1287 in
561 1251 657 1288 vas
698 1240 750 1289 et
770 1234 1045 1289 suffundes
1083 1234 1189 1288 mel
1222 1238 1274 1287 et
1313 1231 1597 1287 defrictum
1639 1237 1691 1286 et
1730 1232 1821 1286 diu

224 1309 480 1362 servabis.

225 1440 348 1484 Pers.
366 1439 408 1491 4,
421 1439 493 1484 49.
514 1453 616 1483 cum
633 1437 785 1484 Schol.
809 1452 853 1494 p.
872 1440 973 1483 318.

226 1499 298 1543 ed.
338 1498 465 1542 Iahn.
510 1498 584 1543 vel
620 1511 692 1553 ap.
728 1498 972 1542 Hermann.

225 1559 353 1602 Lect.
387 1558 511 1602 Pers,
548 1559 590 1601 1.
619 1571 663 1612 p.
687 1558 775 1610 19.)
809 1571 892 1601 seu
911 1557 975 1601 vi-

226 1617 363 1661 ticem
405 1617 432 1659 i.
477 1630 515 1661 e.
569 1629 738 1672 agnum
782 1621 974 1667 castum,

227 1681 351 1720 certe
382 1676 583 1730 speciem
602 1675 716 1720 eius.
751 1674 808 1719 cf.
830 1676 898 1718 23.
921 1700 974 1705 —-

226 1735 563 1792 hydromeli
603 1734 674 1778 ed.
717 1747 782 1790 pr.
829 1734 883 1776 H.
920 1758 975 1767 ω

226 1793 395 1850 aegri
448 1807 562 1838 corr.
610 1807 668 1838 ex
714 1806 795 1837 sex
839 1793 975 1837 codd.

227 1853 448 1909 aegrui‚
479 1865 799 1908 panaegro,
818 1852 890 1896 ed.
909 1866 977 1907 pr.

226 1912 281 1955 H.
316 1913 532 1968 aegris.
565 1912 715 1956 addas
746 1912 795 1955 id
826 1911 979 1955 adiec-

228 1971 371 2014 tivum
391 1971 479 2014 illis
505 1984 623 2027 quae
641 1971 873 2026 duplicem
890 1975 979 2014 ter-

227 2030 524 2074 minationem
537 2030 711 2074 habent
731 2034 778 2074 et
801 2030 979 2080 „limis“

229 2102 285 2133 ex
296 2088 685 2133 AmmianoMarc.
708 2090 776 2140 17,
799 2089 837 2131 7.
853 2089 925 2140 20,
938 2090 980 2140 9,

229 2150 270 2191 2.
313 2152 365 2192 ut
405 2149 562 2199 sacris,
606 2148 815 2199 celebris,
863 2149 982 2192 salu,

228 2206 339 2258 bris,
343 2206 400 2250 al.
415 2208 539 2263 apud
553 2207 860 2251 Ruddimann.
885 2211 921 2250 1.
936 2221 981 2262 p.

232 2266 331 2310 164.
349 2266 494 2310 Kritz.
519 2266 580 2310 ad
597 2266 765 2311 Salust.
790 2265 891 2310 Cat.
910 2267 982 2318 59,

229 2326 268 2368 5
290 2325 388 2381 Iug.
409 2326 449 2377 1,
470 2327 509 2370 1.
528 2327 599 2378 66,
631 2327 672 2369 3.
691 2325 899 2369 Hildebr.
922 2325 983 2369 ad

230 2382 372 2440 Apul.
411 2386 432 2427 1
466 2398 510 2440 p.
545 2386 615 2429 20.
652 2390 699 2429 et
729 2385 833 2428 356.

319 2442 382 2486 ad
406 2444 474 2488 18.
509 2449 568 2488 et
598 2442 754 2487 mala
785 2442 895 2486 add.
928 2455 986 2487 ex

231 2504 273 2553 β.
324 2526 377 2531 -
426 2501 490 2546 Ut
536 2503 638 2546 cod.
687 2506 730 2554 β.
779 2514 986 2557 aquam

233 2559 403 2611 omisit,
429 2561 496 2605 sic
522 2574 679 2606 omnes
704 2562 986 2604 marinam

231 2632 315 2674 per
333 2620 656 2675 compendium
673 2620 894 2675 scriptum
910 2633 987 2663 ne-

232 2678 490 2734 glexerunt.
525 2679 789 2723 addendum
829 2679 987 2723 censui

234 2742 285 2781 ut
324 2737 495 2782 Noster
536 2739 827 2794 praeciperet
860 2737 986 2794 Quod

234 2795 291 2840 de
323 2797 503 2851 punicis
536 2798 712 2842 Plinius
735 2799 803 2850 15,
828 2798 902 2845 60.
926 2798 985 2842 de

233 2855 367 2899 malis
399 2857 607 2913 granatis
630 2858 767 2913 Mago
800 2870 875 2912 ap.
900 2857 983 2902 Co-

235 2914 344 2960 lum.
379 2917 449 2968 12,
479 2915 552 2968 46,
585 2916 624 2959 5.
660 2916 718 2961 de
744 2917 877 2961 malis
899 2930 982 2973 pu·

281 2987 320 3020 C.
345 2989 500 3029 Apicius
526 2991 582 3022 ed.
609 2990 766 3027 Schuch.

1066 1439 1180 1484 nicis
1207 1438 1387 1483 Pallad.
1405 1437 1449 1490 4,
1469 1439 1539 1489 10,
1563 1439 1602 1482 7.
1637 1439 1695 1483 de
1712 1452 1818 1495 pru-

1066 1499 1136 1542 nis
1171 1500 1240 1550 12,
1276 1499 1316 1549 7,
1353 1498 1421 1541 16.
1464 1497 1572 1542 coll.
1607 1497 1818 1554 Geopon.

1066 1558 1108 1609 4,
1144 1558 1213 1609 15,
1248 1558 1317 1601 10.
1364 1557 1437 1607 10,
1478 1557 1555 1609 38,
1597 1557 1635 1600 7.
1678 1582 1728 1587 —
1776 1557 1822 1600 in

1068 1617 1265 1661 calidam
1299 1614 1687 1660 ferventissimam
1719 1616 1822 1660 mit-

1067 1680 1153 1727 tes,
1187 1676 1409 1731 Pelagon.
1445 1676 1484 1718 9.
1519 1688 1563 1731 p.
1597 1675 1669 1719 47.

1156 1735 1219 1778 ad
1253 1736 1320 1778 19.
1356 1735 1422 1779 sic
1454 1732 1709 1779 ficulnis
1742 1733 1823 1779 ad-

1070 1794 1272 1838 dendum
1290 1792 1377 1837 fuit
1404 1807 1461 1837 ex
1479 1793 1575 1838 Col.
1599 1795 1669 1844 12,
1686 1793 1759 1846 47,
1786 1795 1822 1837 1.

1070 1853 1187 1897 Plin.
1212 1854 1279 1904 15,
1298 1853 1368 1896 60.
1394 1852 1575 1896 Pallad.
1595 1854 1637 1905 3,
1660 1854 1732 1905 25,
1753 1853 1823 1897 25.

1073 1912 1283 1968 Geopon.
1321 1913 1389 1967 10,
1424 1913 1495 1964 28,
1528 1913 1567 1956 5.
1612 1917 1659 1956 et
1692 1925 1826 1957 con-

1072 1972 1174 2015 des
1219 1971 1542 2026 corrigendum
1575 1985 1660 2026 pro
1694 1970 1732 2015 f.
1769 1975 1827 2015 et

1073 2031 1323 2075 condies
1342 2044 1398 2075 ex
1415 2031 1580 2074 iisdem
1594 2030 1674 2086 qui
1691 2034 1826 2074 utun-

1073 2094 1149 2134 tur
1181 2090 1407 2146 „mig-are,
1433 2090 1727 2141 convolvere,
1760 2090 1828 2133 in-

1073 2149 1279 2201 volvere,
1323 2147 1672 2204 ovyxazz'ammf‘
1717 2149 1828 2193 olim

1073 2209 1251 2253 conieci
1270 2208 1585 2261 ‚‚circumdes“
1602 2208 1675 2253 vcl
1691 2221 1827 2261 „con-

1075 2267 1245 2312 duces“
1293 2268 1323 2313 i.
1373 2282 1416 2325 q.
1466 2267 1699 2320 obduces,
1752 2266 1829 2311 vel

1076 2327 1355 2379 ,‚condues“.
1375 2352 1429 2357 —-
1449 2340 1517 2383 cy
1530 2326 1601 2370 do
1614 2328 1712 2370 nia
1730 2325 1829 2370 vul·

1074 2399 1152 2442 go.
1186 2411 1242 2418 —
1284 2384 1614 2430 defrictum
1647 2385 1830 2430 restitui

1076 2457 1133 2488 cx
1165 2442 1202 2486 ὃ.
1238 2449 1286 2488 et
1313 2445 1415 2489 cod.
1437 2444 1622 2488 salmas.
1644 2449 1691 2489 et
1708 2444 1830 2489 Non.

1075 2517 1118 2558 ῃ.
1151 2504 1252 2547 378.
1296 2504 1463 2560 reliqui
1503 2504 1689 2549 variant
1722 2504 1830 2555 „de-

1079 2561 1278 2615 frictum,
1337 2562 1555 2607 defritum
1602 2561 1831 2608 defletum

1079 2622 1150 2666 67.
1186 2622 1287 2666 145.
1321 2620 1585 2667 defrutum“
1630 2623 1832 2667 scriben-

1077 2685 1164 2725 teS.
1199 2686 1301 2726 erat
1320 2682 1513 2726 verbum
1539 2681 1763 2727 defricere
1785 2685 1833 2726 et

1077 2739 1319 2793 defricare,
1354 2740 1591 2786 defrutare
1624 2742 1651 2785 i.
1672 2755 1709 2786 e.
1746 2754 1831 2785 co-

1077 2800 1262 2856 quendo
1287 2801 1572 2852 imminuere,
1605 2806 1656 2844 ut
1679 2799 1832 2844 fruare

1075 2859 1217 2903 nimio
1235 2873 1321 2904 usu
1338 2873 1618 2905 consumere.
1640 2860 1743 2907 Cat.
1761 2861 1833 2912 96,

1080 2920 1120 2965 1.
1153 2919 1270 2964 Non.
1303 2932 1349 2976 p.
1381 2921 1482 2965 378.
1527 2920 1626 2964 379.
1673 2920 1832 2977 sicque

1568 3010 1596 3054 3
