2066 3276
909 228 1163 276 Praefatio.
1758 229 1829 285 25

233 369 423 423 thecae
462 367 653 423 medic.
690 368 913 422 laurent.
942 368 1173 421 Florent.
1201 366 1328 419 mihi
1356 358 1546 420 dicitur
1573 364 1628 436 ὃ)
1667 383 1830 421 manu

231 460 556 529 peritissima
594 460 738 514 Petri
778 460 845 514 de
883 460 1046 514 Furia
1089 459 1288 531 (Pietro
1330 459 1420 513 dal
1458 459 1620 513 Furia
1659 459 1829 514 archi-

230 550 368 604 vista
410 550 465 604 di
503 550 749 622 Firenze)
791 551 1116 622 descriptum
1155 567 1262 602 una
1302 566 1421 604 cum
1460 549 1677 603 minoris
1717 567 1827 604 mo-

229 640 395 693 menti
436 640 807 694 collationibus
860 641 1015 693 trium
1056 639 1318 707 codicum,
1362 639 1477 693 cod²
1525 641 1609 693 26.
1655 639 1826 695 codic.

230 730 546 784 riccardian.
575 730 808 783 Florent.
831 730 1012 799 scripti
1035 748 1068 783 a
1087 729 1309 783 Pacutio
1335 729 1534 783 Sabino
1563 747 1632 782 an
1669 730 1828 783 1464.

227 818 503 872 Bononiae
545 817 695 890 (mihi
724 823 804 872 est
826 816 891 889 ζ),
936 824 988 873 et
1030 818 1147 872 cod.
1180 819 1266 871 29.
1305 817 1597 872 eorundem
1626 823 1678 872 et
1706 817 1825 874 cod.

230 909 296 962 67
359 907 509 980 <mihi
536 911 581 960 {J
617 912 668 961 et
694 906 746 979 κ)
790 908 914 961 olim
953 908 1227 961 strozzian.
1270 924 1409 961 nunc
1447 907 1671 964 laurent,
1705 909 1827 962 Flo-

227 1002 359 1052 rent,
406 997 496 1065 qui
534 1015 787 1064 magnam
826 998 1075 1051 lacunam
1108 997 1270 1051 habet
1310 1015 1341 1050 a
1376 1001 1421 1064 ξ.
1455 998 1527 1051 70
1561 996 1631 1051 ad
1676 1015 1829 1069 ⁷‚cum

226 1086 479 1141 ferverit⁶⁴
526 1090 575 1155 ξ.
610 1088 731 1142 170.
773 1087 1112 1141 adiunxisses
1150 1086 1327 1139 varias
1375 1086 1633 1141 lectiones
1684 1087 1827 1141 codi-

229 1178 303 1230 cis
354 1176 409 1229 in
463 1176 652 1230 Museo
693 1176 965 1230 Laurentii
1010 1176 1250 1243 Pignorii
1289 1176 1535 1229 Patavini
1587 1175 1758 1248 (citati
1797 1195 1830 1231 a

225 1266 587 1319 Montfaucon
632 1266 934 1321 Bibliothec
993 1264 1371 1320 Bibliothecar.
1399 1267 1437 1318 Ι.
1470 1283 1522 1335 p.
1554 1266 1687 1337 487)
1727 1266 1830 1320 nisi

228 1356 545 1410 evanuisset.
629 1356 717 1409 Sic
759 1356 1117 1410 tenacioribus
1150 1374 1236 1409 me
1262 1356 1364 1410 filis
1388 1357 1694 1425 implicuisti
1717 1357 1826 1424 qui-

224 1446 322 1499 bus
362 1462 462 1498 nec
503 1445 687 1497 volam
729 1462 829 1498 nec
853 1450 1040 1513 potero
1068 1462 1303 1514 unquam
1333 1446 1604 1515 explicari.
1650 1447 1827 1501 aureis

226 1533 574 1605 compedibus
632 1534 801 1587 teneri
855 1534 1027 1588 dulce.
1107 1536 1189 1588 Tu
1242 1553 1411 1607 perge
1476 1554 1666 1590 ornare
1724 1537 1825 1590 isto

224 1627 382 1691 pacto
424 1640 509 1675 me
550 1624 636 1676 vel
670 1623 1052 1691 immerentem,
1094 1641 1200 1677 non
1228 1626 1398 1679 minus
1430 1626 1569 1679 enim
1596 1627 1823 1694 plerum-

224 1729 326 1781 que
369 1711 606 1766 delectat
645 1713 782 1765 falsa
825 1730 983 1780 quam
1018 1731 1146 1768 vera
1170 1715 1303 1783 laus,
1346 1715 1481 1769 sicut
1508 1716 1709 1784 gratius
1738 1733 1824 1770 ac-

225 1801 352 1855 cidit
390 1801 503 1855 fere
545 1801 689 1870 quod
743 1802 884 1856 dono
935 1803 1089 1856 datur
1130 1822 1289 1871 quam
1331 1804 1474 1872 quod
1515 1823 1582 1859 ex
1624 1805 1821 1860 debito,

219 1890 275 1944 id
317 1891 438 1944 Tibi
477 1909 792 1960 persuasum
832 1892 990 1946 velim
1046 1910 1110 1946 ea
1160 1894 1239 1947 Te
1286 1911 1496 1947 mecum
1536 1895 1730 1948 amoris
1772 1899 1825 1949 et

223 1981 380 2035 officii
404 1980 760 2035 fundamenta
801 1982 1011 2049 iecisse,
1054 1987 1110 2035 ut
1135 1983 1278 2035 nullo
1310 2001 1438 2037 casu
1465 2000 1637 2051 ruere,
1671 1985 1824 2038 'nulla

219 2086 277 2123 re
319 2070 546 2123 convelli
585 2070 815 2139 possint,
872 2072 1021 2125 effice
1062 2073 1145 2124 Tu
1184 2072 1343 2125 homo
1384 2090 1490 2126 non
1530 2074 1702 2128 minus
1741 2075 1820 2127 lit-

222 2159 569 2213 teratissimus
598 2177 754 2227 quam
780 2161 1168 2229 integerrimus,
1197 2167 1253 2214 ut
1279 2167 1402 2215 voto
1432 2158 1680 2218 fruamur.
1722 2163 1821 2218 sed

226 2253 370 2301 certe
411 2266 525 2301 sum
565 2250 773 2317 longior
814 2250 1008 2303 amoris
1048 2251 1258 2304 vinculo
1302 2255 1570 2305 extractus
1605 2269 1708 2321 quo
1740 2253 1819 2306 Te

221 2338 550 2405 complector
602 2338 824 2407 coloque
873 2343 1033 2407 atque
1084 2339 1333 2407 admiror,
1385 2340 1540 2393 nimis
1588 2340 1819 2395 fortasse

220 2426 341 2478 Tibi
383 2427 653 2493 molestus,
693 2427 873 2493 itaque
912 2427 1019 2479 iam
1059 2427 1318 2481 desinam.

334 2515 561 2567 Parvum
588 2515 801 2583 quidem
828 2516 943 2568 Tuo
971 2516 1171 2568 nomini
1204 2517 1439 2570 libellum
1475 2517 1684 2585 dedice,
1719 2518 1818 2572 sed

219 2607 276 2655 ut
316 2619 474 2671 spero
518 2621 619 2657 nec
658 2605 870 2657 inanem
919 2621 1095 2657 rerum
1146 2623 1247 2659 nec
1285 2606 1516 2675 inopem.
1558 2606 1724 2659 multa
1766 2612 1818 2661 et

217 2696 421 2744 remota
459 2692 635 2760 lecti0‚
676 2693 1021 2746 multaillum
1056 2693 1303 2747 formavit
1331 2712 1512 2763 opera.
1575 2696 1658 2747 Tu
1685 2713 1813 2749 vero

220 2780 421 2833 electus
460 2781 791 2848 potissimum
830 2781 883 2833 in
935 2782 1081 2835 cuius
1122 2788 1384 2851 appareat
1422 2784 1652 2849 nomine,
1707 2801 1814 2836 non

218 2885 319 2938 quo
360 2886 472 2923 rem
507 2870 766 2923 tantillam
794 2874 976 2926 tantae
1001 2871 1179 2924 virtuti
1208 2872 1561 2940 fortunaeque
1590 2873 1814 2930 arbitrer
