2066 3276
717 227 816 275 Lib.
850 227 905 274 11.
969 225 1232 283 Sarcoptes.
1693 219 1765 274 43

170 384 318 438 pere,
359 364 665 433 liquamine,
708 379 956 418 caroen0.
998 361 1053 414 in
1090 359 1241 414 isicio
1279 355 1541 424 includes,
1585 371 1652 410 ex
1689 353 1765 409 hi-

171 442 401 509 drogaro
444 456 643 508 coques
684 443 736 492 et
772 436 985 491 inferes,

281 515 368 568 45.
411 515 891 581 Hidrogarata
928 508 1147 564 isicia
1190 505 1483 561 sicfacies:
1524 502 1765 572 terespi·

170 607 284 660 per,
326 589 625 657 ligisticum,
666 587 916 655 piretrum
957 584 1244 648 minimum,
1285 581 1559 635 suffundes
1597 580 1765 646 liqua-

170 681 309 731 men,
364 680 557 730 aquam
607 660 947 716 cisterninam
987 659 1113 711 dum
1153 655 1435 722 conducet,
1492 652 1767 709 exinanies

169 738 223 791 in
263 739 496 792 caccabo
551 740 603 790 et
655 752 773 789 cum
823 733 973 787 isicio
1015 732 1086 786 ad
1124 746 1381 799 vaporem
1418 730 1558 798 ignis
1596 741 1768 798 pones

174 817 226 867 et
268 812 444 865 caleat
483 815 536 864 et
573 809 649 863 sic
690 807 1015 862 surbendum
1052 805 1268 859 inferes,

285 886 372 939 46.
413 886 490 938 In
527 883 744 937 isicia
784 882 867 936 de
906 881 1127 950 pullo:
1185 878 1289 932 olei
1325 877 1468 932 floris
1507 877 1597 931 lib.
1625 877 1667 930 I.
1708 874 1767 928 li-

173 960 436 1027 quaminis
476 958 815 1026 quartarium,
855 955 1057 1025 piperis
1082 953 1424 1008 semunciam.

284 1036 371 1087 47.
413 1034 638 1087 Aliter
678 1032 759 1086 de
810 1031 1034 1100 pullo:
1088 1027 1291 1098 piperis
1346 1045 1518 1095 grana
1563 1022 1766 1079 XXXI.

175 1113 436 1176 conteres,
490 1107 651 1161 mittis
689 1105 991 1174 liquaminis
1033 1102 1220 1172 optimi
1262 1102 1501 1169 calicem,
1554 1097 1771 1154 caroeni

181 1271 313 1315 minis
354 1269 454 1314 hira
496 1274 544 1315 et
581 1267 695 1312 hilla
732 1270 930 1312 vocatur

179 1330 473 1386 apraecipuo
505 1328 828 1373 intestinorum
858 1327 930 1371 cui

178 1403 346 1434 nomen
369 1389 482 1440 hira,
516 1391 660 1442 νῆστις
692 1387 849 1442 (Orell.
868 1387 929 1430 ad

177 1448 358 1493 Arnob.
392 1450 434 1500 2,
465 1448 538 1492 42.
566 1461 613 1503 p.
642 1448 711 1490 66.
731 1447 821 1501 67.)
853 1446 929 1491 vel

177 1509 414 1564 „impensa
461 1506 778 1557 circumdabis.
827 1519 928 1562 per-

174 1567 390 1615 fundes“.
439 1592 493 1599 —
542 1567 836 1621 idrogaro
881 1565 927 1608 in

172 1632 352 1683 septem
396 1626 529 1671 codd.
578 1639 662 1681 pro
707 1624 925 1682 hydro-

173 1699 332 1743 garo.
360 1711 409 1715 —
447 1699 513 1730 ex
545 1685 654 1729 hid.
691 1698 805 1728 corr.
838 1697 924 1740 pro

174 1751 237 1791 et
268 1745 382 1789 hid.
419 1744 476 1790 cf.
510 1745 579 1788 68.
624 1745 691 1788 sic
732 1741 843 1796 ἑφθοὶ
880 1741 925 1783 ἐκ

175 1806 334 1859 ζωμοῦ,
378 1804 599 1860 ἧψημένος
660 1803 701 1852 ἒξ
757 1801 924 1849 ὕδατος,

172 1863 407 1909 infares
471 1877 586 1908 corr.
639 1876 723 1919 pro
771 1861 924 1907 infe-

172 1937 266 1969 res
297 1923 367 1966 42.

262 1983 324 2026 ad
354 1982 425 2026 45.
467 1979 819 2040 pyrethrum
854 1981 927 2025 ed.

170 2056 238 2099 pr.
273 2042 328 2086 H.
369 2042 430 2086 ad
466 2042 563 2085 181.
629 2066 662 2071 -
709 2041 928 2085 condu-

172 2116 196 2147 c
212 2116 236 2146 e
252 2106 272 2145 t
303 2103 417 2146 satis
435 2101 537 2152 erit,
566 2101 790 2155 competit
811 2114 926 2144 corr.

170 2174 257 2218 pro
290 2159 926 2205 inducetinducesed.

170 2234 238 2276 pr.
273 2221 531 2264 raducet
564 2236 607 2262 π.
660 2219 823 2262 sicin
857 2223 930 2263 est

171 2293 275 2325 con
303 2281 389 2323 ⁵256
422 2278 655 2323 inferes
678 2278 928 2334 aliquoties

171 2337 320 2383 conf.
342 2364 393 2370 -
420 2339 604 2382 isicia
637 2338 774 2381 codd.
809 2342 926 2381 tum

168 2398 246 2442 is.
284 2398 354 2442 ed.
389 2411 457 2453 pr.
489 2398 544 2440 H.
579 2410 670 2442 non
703 2397 836 2441 male.
871 2421 925 2426 —

170 2469 325 2513 aqua
369 2456 726 2507 cisternina‚
772 2469 796 2500 e
837 2467 928 2511 qua

171 2528 246 2570 ap.
280 2515 481 2559 Marcell.
516 2516 585 2558 27.
631 2513 711 2558 fol.
748 2514 846 2558 125.
880 2514 923 2557 b.

170 2575 242 2619 ed.
276 2574 388 2618 Ald.
422 2574 604 2629 palmae
649 2579 922 2628 coquuntur,

170 2638 242 2679 est
275 2645 398 2688 aqua
432 2633 646 2677 coelestis
680 2638 815 2676 vetus
843 2644 923 2675 va-

170 2694 234 2737 sis
276 2692 468 2742 inclusa.
513 2692 557 2735 in
602 2692 702 2736 sole
750 2692 920 2746 posita,

169 2752 390 2807 eliquata,
434 2751 569 2795 melle
610 2750 823 2794 immixto
861 2750 922 2795 ad

168 2824 355 2866 passum
378 2816 673 2865 praeparata,
706 2808 920 2865 ὑδρόμελι,

172 2870 334 2922 mulsa,
379 2869 692 2928 comparanda
732 2882 833 2913 eum
872 2868 924 2912 li—

1022 1278 1165 1322 quore
1194 1266 1267 1310 cui
1292 1265 1446 1311 medio
1464 1277 1582 1310 aevo
1603 1277 1772 1310 nomen

1020 1325 1197 1374 medus,
1219 1326 1388 1377 medo„
1406 1326 1556 1371 meda.
1577 1324 1632 1370 cf.
1652 1324 1770 1369 Plin.

1022 1386 1092 1440 14,
1140 1387 1235 1429 113.
1281 1386 1378 1430 Col.
1425 1388 1495 1437 12,
1528 1386 1600 1430 39.
1632 1384 1773 1440 inpr-i-

1020 1445 1106 1489 mis
1141 1446 1210 1496 12,
1246 1446 1313 1488 12.
1349 1458 1451 1489 cum
1483 1444 1771 1490 Schneid-

1020 1504 1382 1549 surbendum
1453 1518 1539 1560 pro
1619 1501 1769 1548 sorb.

1020 1564 1183 1619 scripsi
1216 1564 1325 1620 quia
1356 1568 1390 1616 ξ.
1415 1565 1487 1608 50.
1520 1563 1627 1608 libri
1660 1562 1772 1608 offe-

1018 1630 1126 1667 runt
1160 1623 1490 1674 ‚‚survendum,
1552 1623 1773 1668 subruen-

1017 1683 1150 1727 dum“
1197 1688 1244 1727 et
1282 1684 1430 1738 prima
1462 1681 1611 1726 forma
1641 1680 1773 1727 verbi

1015 1743 1204 1789 sorbere
1258 1742 1335 1787 vel
1391 1743 1582 1790 sorbere
1630 1741 1773 1787 fuisse

1014 1802 1201 1846 videtur
1262 1802 1505 1854 subruere,
1568 1814 1772 1858 surpere,

1015 1862 1137 1906 unde
1184 1861 1361 1917 hispan.
1413 1861 1601 1918 chupar,
1659 1860 1768 1919 gall.

1016 1934 1168 1977 super,
1200 1919 1447 1966 schlurfen.

1109 1980 1170 2025 ad
1201 1981 1272 2024 46.
1317 1981 1368 2023 In
1401 1993 1483 2025 sex
1517 1979 1652 2025 codd.
1686 1979 1771 2023 in-

1019 2039 1181 2085 feres
1213 2041 1267 2084 in
1302 2040 1511 2085 esicia.
1546 2037 1771 2094 To-pul-

1018 2099 1074 2144 lo
1110 2101 1225 2151 (sive
1257 2100 1420 2155 pulo)
1455 2099 1563 2144 ole.
1598 2099 1644 2142 in
1671 2111 1770 2154 par.

1019 2160 1217 2203 esicia
1249 2159 1317 2203 de
1350 2159 1533 2214 pullo.
1567 2159 1624 2202 in
1657 2157 1772 2202 esi-

1020 2220 1110 2263 cia
1159 2224 1219 2263 to
1269 2219 1450 2274 pullo.
1501 2219 1568 2263 de
1617 2217 1768 2262 oleo.

1018 2279 1064 2321 in
1113 2278 1183 2322 ed.
1234 2291 1300 2333 pr.
1363 2278 1417 2321 in
1474 2277 1654 2322 isicia
1702 2276 1770 2320 de

1017 2338 1187 2393 pullo
1229 2336 1413 2381 lolae.
1459 2351 1515 2381 ex
1548 2349 1632 2380 suo
1666 2335 1768 2380 eod.

1018 2396 1141 2440 olei
1189 2396 1280 2439 iam
1328 2409 1443 2439 corr.
1493 2395 1630 2441 Hum.
1680 2407 1768 2448 ego

1018 2455 1127 2499 olim
1175 2455 1229 2498 in
1278 2454 1533 2498 isiciato
1596 2453 1768 2509 pullo

1018 2526 1320 2558 correxeram.
1366 2514 1644 2568 compositio
1677 2525 1770 2556 non

1017 2574 1200 2629 integra
1231 2572 1417 2617 videtur
1444 2579 1491 2617 et
1523 2575 1569 2615 in
1596 2571 1768 2623 multis,

1012 2645 1161 2688 neque
1194 2633 1341 2676 minus
1374 2633 1445 2675 47.
1475 2632 1545 2675 48.
1581 2643 1769 2686 corrup·

1012 2696 1073 2734 ta.
1125 2716 1180 2722 —
1231 2692 1539 2735 semuncia
1585 2694 1633 2734 et
1678 2702 1769 2733 se-

1011 2750 1270 2794 miuncia
1305 2750 1439 2794 codd.
1475 2750 1547 2793 35.

1102 2810 1166 2853 ad
1197 2809 1269 2853 47.
1314 2810 1385 2853 al.
1427 2823 1494 2853 ex
1536 2807 1766 2864 pusillo

1015 2869 1124 2926 pip.
1190 2872 1247 2908 θκ
1297 2868 1375 2928 qui
1419 2868 1478 2911 49
1527 2866 1766 2923 „Pusillis“
