2066 3276
268 248 371 302 152

804 246 904 291 Lib.
924 246 1022 292 VII.
1058 244 1294 291 Politeles.

375 381 499 434 308.
562 380 810 434 Melea:
851 380 937 433 lac
976 378 1204 446 acidum,
1255 379 1409 450 piper
1462 382 1513 433 et
1562 377 1845 444 liquamen,

260 456 379 509 mel.
421 454 554 522 sale,
595 455 713 507 oleo
755 459 808 507 et
848 453 1143 508 coriandro.

375 529 499 581 309.
562 528 819 581 Bulbos
852 527 954 581 olei
982 525 1287 593 liquamine,
1317 529 1487 578 aceto,
1515 524 1712 577 inferes
1738 541 1846 576 mo-

266 602 386 656 dico
430 602 619 655 cimino
662 601 923 669 disparSO.

1001 600 1194 654 Aliter:
1238 599 1425 652 bulbos
1453 598 1648 664 fundiS,
1676 614 1847 666 aequo

267 693 335 729 ex
376 692 517 743 aqua
555 674 1010 742 coqueS,·deinde
1052 675 1170 727 oleo
1210 672 1376 740 frigis.
1418 672 1499 725 ius
1539 672 1614 725 sic
1651 671 1847 727 facies:

266 750 466 817 timum,
507 749 757 818 puleium,
781 749 951 820 piper,
994 749 1288 817 origanum,
1330 747 1450 814 mel,
1494 751 1702 800 acetum
1741 762 1849 798 mo·

261 940 362 972 esse
381 940 535 982 posse,
554 925 779 982 spongiae
801 926 1010 978 similem,

258 986 489 1037 inflatam,
551 985 809 1030 tremulam.
880 987 1012 1041 panis

261 1046 448 1102 quidam
482 1058 555 1100 ap.
590 1045 755 1089 Isidor.
788 1046 859 1096 20,
882 1046 1010 1097 2,16.

260 1106 460 1161 spongia
478 1104 660 1156 dicitur,
687 1104 813 1160 quod
830 1104 1012 1149 humec-

259 1164 452 1208 tationis
499 1163 603 1219 plus
636 1163 838 1218 accipiat
877 1177 1012 1220 quam

259 1224 407 1268 omnis
440 1223 589 1278 panis,
640 1222 1014 1275 „schwammicht

258 1282 404 1327 brod“
441 1281 596 1326 adhuc
628 1282 825 1326 auditur.
872 1295 1012 1338 quan-

262 1342 322 1386 (lo
358 1341 447 1386 olei
480 1341 635 1396 portio
679 1354 825 1396 parva
857 1342 902 1384 in
935 1354 1014 1396 pa-

261 1401 377 1445 tella
410 1400 537 1444 tenui
579 1400 680 1450 (sed
712 1400 867 1443 malim
904 1398 1015 1444 fic·

261 1460 425 1504 tilem
460 1472 516 1503 ex
534 1460 654 1512 268.)
679 1459 829 1510 bullit,
862 1471 1015 1503 massa

265 1533 322 1563 ex
356 1519 472 1569 ovis,
495 1518 631 1568 lacte,
665 1518 771 1562 oleo
797 1524 1014 1562 constans

264 1583 312 1623 et
346 1579 391 1622 in
420 1591 469 1622 se
488 1577 718 1621 dissoluta
750 1582 797 1621 et
815 1578 857 1621 in
878 1591 1014 1621 unum

263 1638 454 1694 globum
503 1635 718 1680 confecta
764 1637 809 1680 in
859 1637 1011 1681 oleum

263 1697 462 1742 bulliens
495 1696 694 1739 mittitur
730 1700 777 1739 et
809 1695 867 1740 ab
901 1695 1014 1740 infe-

262 1757 383 1801 riore
427 1759 560 1811 parte
605 1755 849 1798 inassatur.
889 1754 1015 1812 quod

263 1815 344 1860 ubi
386 1813 575 1865 factum,
618 1814 663 1857 in
703 1813 880 1858 lancem
913 1814 1015 1857 mit-

263 1875 387 1919 titur.
440 1899 489 1903 ---
552 1886 756 1918 verses
815 1887 871 1917 ex
917 1886 1012 1928 par.

266 1947 351 1990 pro
385 1937 598 1977 vertes.

352 1993 412 2036 ad
444 1992 545 2035 308.
580 1991 765 2036 melce
799 1995 846 2035 et
878 1992 1015 2035 mel-

266 2065 367 2096 cae
399 2052 444 2095 in
463 2050 613 2095 indice
633 2050 874 2106 capitulor.
909 2050 1016 2094 mel

265 2111 335 2155 ed.
370 2124 438 2166 pr.
472 2110 556 2154 sed
585 2110 657 2154 ed.
677 2109 864 2153 mediol.
884 2110 1017 2153 omit-

264 2170 336 2213 tit.
371 2170 418 2212 in
449 2169 598 2213 lemm.
643 2168 755 2213 mel
789 2173 1017 2212 castum

266 2228 402 2272 codd.
437 2227 547 2271 mel
582 2240 819 2272 caseum
854 2228 922 2271 ed.
950 2240 1015 2282 pr.

264 2301 336 2332 ex
367 2287 544 2331 melle
579 2299 694 2331 corr.
729 2287 861 2330 Hum.
896 2300 1018 2330 men-

265 2347 327 2390 da
375 2346 586 2390 codicum
635 2345 742 2389 mel
791 2350 1020 2389 castum

264 2405 340 2450 vel
375 2418 608 2449 caseum
654 2409 705 2448 ut
738 2404 810 2448 ed.
843 2418 909 2459 pr.
944 2418 1022 2459 pe-

265 2465 389 2520 perit
451 2477 544 2507 vox
605 2464 805 2507 librariis
858 2464 1022 2519 ignota

265 2523 456 2567 melce
499 2523 597 2566 sive
645 2523 849 2573 melca,
904 2534 1022 2577 quae

265 2594 459 2625 romana
502 2586 573 2625 est
616 2586 663 2625 et
696 2580 897 2625 edulium
931 2581 1023 2624 lac-

266 2646 372 2684 tans
405 2641 503 2684 sive
536 2653 591 2683 ex
624 2640 745 2684 lacte
773 2636 1021 2695 significat,

268 2699 395 2756 quod
442 2697 537 2743 fere
596 2703 648 2742 ut
701 2698 906 2755 oxygala
952 2696 1019 2749 fit,

267 2759 394 2814 apud
409 2758 648 2802 Romanos
667 2758 888 2801 usitatum
906 2762 1020 2808 erat,

267 2816 615 2861 fastidientibus
660 2821 707 2860 et
747 2819 928 2860 aestate
960 2816 1022 2859 ad

266 2875 634 2936 refrigerandum
685 2875 896 2921 dabatur.
932 2874 1021 2921 Gra-

1103 926 1189 971 len.
1225 924 1361 970 meth.
1396 925 1608 969 medend.
1642 924 1693 967 Τ.
1730 924 1767 967 6.
1803 938 1849 980 p.

1103 987 1201 1030 811.
1248 986 1305 1030 de
1348 984 1472 1029 bono
1517 989 1564 1029 et
1600 984 1722 1028 malo
1755 997 1850 1028 suc.

1104 1046 1174 1089 21.
1208 1045 1337 1089 Paul.
1370 1043 1590 1100 Aeginet.
1623 1045 1664 1095 3,
1682 1045 1738 1088 37
1779 1043 1850 1087 cui

1108 1106 1228 1159 ὄψον
1259 1120 1297 1144 τι
1330 1102 1394 1143 διά
1438 1102 1642 1158 γάλακτος
1684 1103 1851 1147 dicitur

1105 1169 1152 1208 et
1184 1176 1399 1207 romanus
1443 1163 1585 1206 cibus.
1652 1162 1852 1207 Graeco-

1104 1236 1202 1267 rum
1237 1222 1416 1277 ὅξόγαλα
1447 1221 1661 1273 habetur,
1694 1222 1767 1264 lac
1789 1221 1852 1264 le-

1104 1283 1222 1326 viter
1265 1281 1561 1337 coagulatum
1610 1286 1657 1325 et
1697 1280 1852 1324 acidu-

1104 1342 1212 1392 lum,
1260 1341 1618 1395 comparandum
1651 1339 1852 1384 fortasse

1106 1414 1208 1444 Cum
1243 1400 1551 1454 ὅξυγαλακτίνῳ
1574 1402 1687 1456 τυρῷ
1721 1398 1853 1443 Aetli

1108 1460 1207 1510 1‚2,
1225 1460 1296 1503 98.
1332 1458 1490 1502 Galen.
1526 1458 1611 1503 fac.
1646 1459 1851 1502 aliment.

1105 1521 1147 1570 3,
1197 1518 1264 1560 16.
1328 1522 1489 1562 nostro
1553 1519 1624 1562 cui
1685 1531 1851 1561 nomen

1107 1576 1413 1633 quarkkaese,
1445 1580 1599 1621 siisser
1629 1576 1744 1621 kaes
1771 1589 1853 1620 aus

1105 1635 1390 1681 sauermilch.
1419 1635 1596 1691 ὃξύγαλα
1615 1634 1854 1690 ἡδυσμένον

1105 1699 1386 1740 memoratur
1427 1696 1473 1738 in
1516 1708 1662 1740 coena
1692 1696 1852 1739 Persa-

1105 1769 1204 1799 rum
1247 1767 1320 1810 ap.
1364 1754 1587 1812 Polyaen.
1631 1754 1674 1808 4,
1706 1755 1748 1805 3,
1781 1755 1853 1797 31.

1105 1814 1213 1858 inde
1255 1813 1349 1857 lac
1392 1814 1616 1858 acidum
1657 1813 1853 1863 restitui,

1108 1872 1163 1917 cf.
1198 1873 1312 1916 Plin.
1348 1873 1418 1923 28,
1454 1874 1551 1916 135.
1601 1873 1721 1917 Ctes.
1754 1871 1854 1915 Ind.

1108 1934 1177 1975 22.
1224 1931 1374 1976 Strab.
1412 1932 1451 1982 7,
1482 1932 1525 1983 4,
1559 1933 1597 1975 6.
1645 1932 1854 1986 Geopon.

1110 1992 1177 2043 18,
1212 1992 1282 2041 21,
1320 1993 1356 2034 1.
1402 1996 1448 2034 et
1491 1991 1598 2035 mel
1629 2004 1713 2046 pro
1746 1989 1852 2034 vel.

1110 2050 1342 2094 coriandri
1375 2063 1530 2094 semen
1548 2050 1621 2095 vel
1641 2050 1854 2094 viridium

1109 2110 1506 2153 condimentorum
1519 2108 1767 2153 fasciculos
1777 2108 1856 2152 ad-

1110 2169 1180 2212 dit
1213 2169 1387 2212 Colum.
1432 2169 1499 2219 12,
1533 2169 1572 2212 8.

1198 2227 1257 2270 ad
1276 2228 1375 2270 309.
1410 2226 1630 2271 bulvos
1663 2230 1712 2270 et
1738 2226 1856 2270 vul-

1110 2299 1217 2330 vos
1243 2286 1377 2330 codd.
1398 2299 1454 2329 ex
1471 2287 1571 2329 313.
1601 2285 1725 2329 addo
1745 2285 1855 2340 pul-

1112 2359 1215 2388 vos
1273 2350 1320 2389 et
1377 2344 1594 2400 pulbos
1652 2345 1751 2388 181.
1801 2369 1855 2375 —-

1114 2404 1233 2448 olei
1273 2404 1379 2459 liq.
1424 2403 1509 2447 nisi
1542 2403 1675 2446 malis
1708 2403 1856 2454 oleo,

1113 2463 1209 2518 liq.
1259 2463 1461 2518 explices
1509 2461 1736 2517 ἓλαιυγάρῳ
1775 2475 1856 2506 seu

1114 2523 1327 2577 γαρελαίῳ.
1355 2547 1406 2551 -—
1441 2520 1664 2565 inferes
1698 2520 1854 2576 θάψ’.

1113 2581 1167 2624 Η.
1201 2594 1285 2636 pro
1319 2578 1524 2624 insere.
1548 2606 1598 2610 —
1634 2580 1857 2635 disper-

1113 2653 1175 2683 so
1208 2644 1276 2694 βγ.
1312 2664 1365 2669 -
1411 2638 1615 2682 fundis
1656 2637 1857 2682 infundis

1113 2712 1228 2742 corr.
1262 2711 1345 2753 pro
1374 2698 1590 2741 tundis.
1625 2698 1692 2740 sic
1708 2701 1858 2740 tracta

1113 2762 1160 2801 et
1191 2755 1339 2800 fracta
1372 2755 1564 2801 confusa
1598 2756 1691 2799 176.
1735 2754 1857 2799 forte

1113 2815 1317 2859 findis.
1383 2814 1439 2859 cf.
1488 2815 1588 2859 316.
1654 2839 1708 2846 —
1771 2827 1856 2870 pro

1112 2888 1261 2933 aquo
1305 2875 1540 2926 codicum,
1588 2885 1737 2932 aqua
1784 2873 1856 2919 ed.
