2066 3276
332 250 400 301 78
833 249 934 293 Lib.
966 248 1047 294 IV.
1109 248 1383 294 Pandectes.

330 379 505 451 neam]
561 398 663 432 ova
714 380 1035 448 confringes,
1088 381 1142 432 in
1195 382 1482 433 caccabum
1535 387 1587 434 et
1639 382 1915 437 dissolves,

331 455 534 507 adicies
565 454 620 506 in
653 455 957 507 mortarium
986 455 1154 525 piper,
1195 454 1497 521 ligisticum,
1538 454 1771 522 fricabiS,
1811 458 1915 510 suf-

330 528 524 581 fundes
575 528 861 595 liquamen,
913 528 1109 594 vinum,
1168 544 1403 598 passum,
1464 529 1637 581 oleum
1688 530 1916 598 modice,

330 601 668 656 reexinanies
706 603 760 653 in
789 604 1094 673 caccabum,
1135 601 1302 654 facies
1332 608 1387 653 ut
1413 601 1635 669 ferveat,
1678 620 1794 656 cum
1816 604 1917 657 fer-

330 676 502 728 vuerit
552 680 604 728 et
656 676 878 742 obligas.
933 677 1126 746 pulpas
1180 692 1311 741 quas
1364 677 1700 729 subcultrasti
1746 678 1800 729 in
1838 678 1919 731 ius

331 749 508 802 mittis.
549 751 824 803 substerne
865 767 961 820 per
1001 749 1267 819 diploides
1314 749 1549 819 patinam
1603 767 1828 803 aeneam
1868 757 1921 805 et

331 824 541 876 trullam
579 824 796 893 plenam
834 824 1033 894 pulpae
1075 827 1126 876 et
1166 823 1447 893 disparges
1489 824 1662 876 oleum
1697 830 1747 877 et
1771 826 1917 892 laga·

330 914 457 950 num
506 913 676 967 pones
725 898 978 950 similiter.
1032 901 1288 964 quotquot
1335 898 1531 964 lagana
1564 899 1805 969 posueris
1845 904 1922 952 tot

330 972 514 1024 trullas
551 971 811 1042 inpensae
851 971 1069 1024 adicies.
1111 988 1272 1023 unum
1310 972 1563 1038 laganum
1601 972 1775 1025 fistula
1802 990 1918 1043 per-

335 1045 519 1112 cutieS,
574 1063 607 1098 a
657 1046 937 1117 superficie
977 1062 1160 1098 versas
1211 1044 1492 1112 indusium,
1547 1062 1707 1117 super
1745 1046 1921 1100 focum

332 1136 520 1192 pones.
564 1119 718 1192 piper
757 1119 1003 1191 aspargis
1045 1124 1097 1173 et
1133 1118 1346 1173 inferes.

449 1194 569 1247 136.
622 1193 874 1247 Patina
924 1193 1302 1247 versatilis
1353 1193 1506 1247 vice
1559 1193 1774 1248 dulci:
1828 1212 1921 1248 nu-

335 1268 480 1323 cleos
519 1266 724 1338 pineOS,
764 1284 928 1322 nuces
966 1267 1163 1321 fractas
1204 1273 1256 1321 et
1294 1272 1553 1338 purgatas
1588 1300 1659 1306 -—-
1698 1275 1753 1321 at
1777 1274 1919 1323 torre

332 1358 525 1413 passas
556 1374 622 1380 —
650 1347 792 1396 teres
823 1359 940 1395 cum
966 1342 1140 1408 melle,
1174 1342 1379 1412 pipere,
1419 1342 1721 1411 liquamine,
1761 1344 1918 1410 lacte,

334 1417 464 1483 oviS,
504 1415 713 1469 modico
754 1433 899 1469 mero
942 1422 993 1469 et
1032 1417 1168 1470 oleo,

448 1492 569 1544 137.
610 1491 956 1544 Patellam
994 1489 1466 1542 tirotaricam:
1510 1507 1578 1543 ex
1606 1507 1920 1560 quocunque

334 1559 492 1618 salso'
517 1564 765 1630 volueriS,
808 1581 1007 1633 coques
1048 1581 1117 1617 ex
1157 1565 1292 1631 ole0,
1336 1565 1628 1618 exossabis
1677 1569 1738 1618 et
1777 1582 1922 1618 cere-

335 1640 479 1693 bella
506 1644 675 1705 cocta,
716 1639 911 1709 pulpas
938 1638 1179 1708 piscium,
1215 1638 1488 1690 iecuscula
1511 1639 1789 1709 pullorum,
1822 1656 1924 1691 ova

336 1712 485 1781 dura,
541 1729 757 1766 caseum
787 1713 1021 1765 ⁴mollem
1076 1712 1414 1774 excaldatum
1458 1744 1519 1750 —
1572 1712 1708 1766 haec
1749 1713 1926 1765 omnia

335 1863 606 1904 sternere
640 1859 756 1914 dip.
778 1863 842 1911 βπ
873 1873 958 1914 pro
984 1859 1083 1903 vul-

334 1919 436 1975 gari
468 1918 782 1963 substerne
810 1919 924 1974 dip.
959 1918 1084 1974 quod

338 1980 439 2031 „re“
476 1977 585 2020 mihi
618 1983 689 2021 est
717 1981 850 2032 „pcr“
882 1978 982 2021 134.
1018 1978 1086 2021 sic

334 2036 544 2080 Halmius
565 2042 725 2080 noster
741 2037 929 2081 Florum
947 2050 992 2092 p.
1011 2037 1083 2087 31,

335 2096 377 2140 5.
411 2096 612 2140 correxit
642 2094 786 2151 praef.
827 2110 871 2151 p.
905 2096 984 2140 IX.
1032 2120 1083 2125 -—

335 2155 553 2211 pulpae
588 2155 814 2206 concisae,
846 2155 961 2206 sicii,
1005 2155 1086 2198 im-

335 2226 521 2269 pensae.
573 2238 627 2245 -
671 2226 877 2258 verras
921 2214 1088 2257 indu-

336 2273 552 2316 sium——
584 2285 772 2328 pones
805 2273 986 2317 tentavi
1002 2285 1086 2327 pro

336 2344 541 2376 versas
582 2332 629 2375 in
668 2332 890 2375 discum
932 2332 1084 2375 insu-

337 2404 443 2446 per
474 2391 531 2434 in
573 2390 961 2447 superficiem
992 2404 1087 2446 po·
1130 2384 1134 2396 '

337 2463 441 2494 nes
473 2454 525 2494 ut
556 2450 620 2493 sit
640 2463 864 2506 „superne
897 2448 964 2490 ἐπ’
987 2448 1087 2490 ἐπι-

339 2511 484 2562 πολῆς,
517 2508 664 2561 trahe,
690 2509 910 2561 distrahe,
953 2521 1092 2564 super

337 2568 478 2612 indue
520 2568 739 2623 laganum
781 2581 866 2624 pro
907 2568 1091 2612 indusio

340 2627 488 2683 quasi,
538 2626 668 2671 ziehe
716 2627 790 2671 ein
849 2626 1093 2672 oberkleid

339 2687 410 2731 als
444 2685 608 2731 deckel
642 2686 824 2730 driiber.

430 2746 492 2789 ad
526 2745 623 2789 136.
674 2745 837 2790 eadem
884 2743 980 2789 fere
1012 2757 1094 2800 pa·

341 2804 441 2850 tina
472 2808 545 2850 est
573 2805 669 2848 122.
707 2803 878 2861 dulci
909 2804 1095 2848 videtur

343 2863 499 2917 dulcii‚
532 2868 585 2909 ut
615 2864 677 2908 sit
694 2863 800 2909 loco
820 2862 966 2908 dulcis
986 2863 1095 2908 edu-

1173 1858 1223 1901 lii
1240 1872 1278 1905 s.
1295 1858 1552 1914 placentae.
1573 1859 1602 1903 d
1615 1860 1670 1903 ul
1684 1859 1761 1903 cis
1787 1860 1920 1904 Hum.

1176 1918 1233 1961 de
1252 1918 1463 1961 dulcibus
1479 1918 1568 1961 300
1581 1919 1727 1963 -305,
1747 1931 1775 1961 a
1786 1924 1872 1963 tto
1885 1933 1924 1962 r-

1176 1977 1348 2020 rebas
1373 1990 1467 2020 eas
1492 1977 1566 2021 vel
1584 1982 1764 2027 atorr.
1790 1978 1925 2022 codd.

1177 2036 1515 2080 attorrebis
1559 2036 1631 2081 cd.
1673 2030 1929 2092 p1.Hum.

1177 2108 1328 2139 meum
1347 2095 1376 2139 b
1391 2108 1448 2138 as
1463 2108 1557 2139 sas
1591 2100 1663 2139 est
1681 2108 1930 2147 crassas,

1177 2154 1388 2210 pingues,
1420 2154 1625 2198 nondum
1657 2155 1820 2207 siccas,
1863 2155 1930 2199 vi·

1178 2213 1315 2264 rides,
1358 2217 1411 2256 ut
1450 2218 1557 2256 sunt
1599 2211 1796 2269 pingues
1838 2209 1927 2257 fici.

1180 2272 1320 2315 etiam
1363 2273 1481 2315 coni.
1528 2272 1557 2316 b
1572 2273 1825 2317 asilicas
1874 2286 1931 2317 ex

1179 2331 1297 2374 Plin.
1334 2332 1403 2382 15,
1436 2331 1505 2374 87.
1540 2332 1746 2380 Macrob.
1779 2336 1866 2376 sat.
1885 2333 1928 2383 3,

1183 2390 1252 2442 18,
1284 2389 1326 2432 4.
1362 2403 1463 2432 cum
1495 2390 1592 2434 Ian.

1271 2449 1333 2492 ad
1358 2450 1455 2492 137.
1490 2454 1625 2506 tyro
1645 2448 1933 2494 taricham

1181 2508 1316 2551 Hum.
1366 2512 1414 2551 et
1454 2509 1544 2563 pis
1561 2522 1622 2553 ce
1665 2509 1833 2553 salso
1877 2523 1934 2554 ex

1185 2567 1285 2611 cod.
1311 2580 1409 2610 suo,
1435 2568 1753 2612 exossabis
1771 2569 1817 2611 in
1832 2568 1934 2623 pul-

1183 2639 1267 2682 pas
1302 2639 1462 2681 carpes
1498 2627 1592 2670 151.
1629 2639 1747 2683 quae
1767 2631 1935 2682 postea

1185 2699 1287 2730 cum
1304 2686 1407 2729 aliis
1425 2685 1561 2730 rebus
1580 2684 1810 2730 calefiunt.
1830 2697 1936 2729 ova

1186 2745 1257 2788 du
1270 2759 1292 2788 r
1306 2757 1334 2787 a
1365 2757 1461 2800 par.
1506 2750 1553 2789 et
1586 2745 1689 2791 cod.
1721 2745 1854 2788 Hum.
1888 2745 1935 2788 in

1185 2804 1375 2860 reliquis
1408 2818 1495 2848 om.
1531 2830 1585 2836 —
1629 2817 1654 2848 e
1666 2817 1696 2847 x
1709 2817 1732 2847 c
1744 2816 1772 2846 a
1785 2803 1800 2846 1
1812 2804 1854 2846 d.
1889 2804 1935 2847 in

1186 2876 1354 2920 aquam
1399 2863 1596 2907 calidam
1627 2863 1856 2907 immissus
1889 2866 1937 2907 et
