2066 3276
283 253 387 310 186
767 254 870 302 Lib.
902 253 1026 301 VIII.
1076 253 1319 312 Tetrapus.

281 392 493 442 omento
533 392 689 455 teges
729 393 783 442 ct
822 392 968 441 carta
1009 393 1061 441 et
1101 388 1320 442 surclas.
1358 388 1500 441 lento
1534 388 1645 455 igni
1683 390 1865 443 subas-

280 479 385 516 sas,
427 461 630 515 adicies
668 462 724 514 in
761 462 1063 514 mortarium
1093 462 1264 532 piper,
1292 462 1593 530 ligisticum‚
1633 462 1866 530 fricabiS,

280 535 556 588 suffundes
595 535 880 602 liquamen,
932 535 1055 588 vino
1098 540 1150 589 et
1187 535 1473 602 liquamine
1525 538 1865 604 temperabis.

278 609 448 663 facies
488 613 544 661 ut
582 608 804 662 ferveat.
849 625 967 661 cum
1008 609 1277 674 fervuerit,
1330 610 1504 662 amolo
1559 610 1765 676 obligas
1818 614 1871 663 et

248 683 521 751 >leporem
561 684 900 736 subassatum
951 682 1258 752 perfundes,
1315 683 1469 751 piper
1519 683 1765 751 aspargis
1819 688 1871 737 et

278 756 492 811 inferes,

391 830 518 884 404.
559 830 898 898 Leporem
950 830 1162 884 aliter
1204 830 1486 883 elixum:
1543 846 1716 897 ornaS,
1757 829 1869 882 adi-

282 904 393 959 cies
443 904 499 958 in
548 904 704 958 lance
757 904 947 971 oleum,
1008 904 1295 972 liquamen,
1347 910 1571 971 acetum,
1633 920 1869 971 passum,

281 972 471 1047 cepam
512 977 765 1032 concides
800 982 851 1031 et
883 983 1054 1031 rutam
1087 977 1327 1045 viridem,
1369 978 1550 1030 timum
1579 978 1870 1032 subcultra-

280 1057 390 1106 tum
431 1057 484 1106 et
522 1053 599 1106 sic
639 1052 882 1121 apponis.

391 1125 517 1182 405.
561 1125 800 1199 [Leporis
836 1124 1130 1197 conditura]
1179 1125 1363 1179 teritur
1404 1126 1573 1196 piper,
1613 1130 1745 1191 ruta,
1789 1142 1871 1178 ee-

279 1201 442 1270 pulla,
496 1201 645 1255 iocur
694 1200 911 1268 leporiS,
963 1200 1248 1267 liquamen,
1291 1215 1594 1267 caroenum,
1636 1215 1872 1267 passum,

282 1275 386 1328 olei
424 1274 708 1341 modicum,
749 1274 978 1326 amolum
1022 1290 1139 1326 cum
1179 1273 1342 1326 bullit.

392 1349 518 1402 406.
541 1348 1441 1419 Leporem-siccosparsum.
1466 1351 1518 1399 et
1548 1346 1689 1399 hunc
1717 1362 1873 1413 prae-

284 1423 504 1476 condies
545 1423 680 1476 sicut
719 1421 913 1474 aedum
952 1420 1302 1489 tarpeianum,
1353 1424 1639 1487 antequam
1681 1436 1874 1486 coqua-

282 1501 382 1564 tur,
425 1501 642 1549 ornatus
677 1495 857 1549 suitur.
893 1495 1064 1564 piper,
1106 1498 1292 1561 rutam,
1329 1494 1631 1561 satureiam,
1668 1510 1873 1561 cepam,

282 1570 465 1624 timum
498 1569 782 1637 modicum,
822 1569 1111 1638 liquamine
1151 1568 1372 1635 collueS,
1412 1572 1605 1638 postea
1636 1568 1691 1620 in
1722 1567 1874 1620 furno

283 1716 372 1747 ma.
417 1727 470 1733 -ψ
513 1703 662 1759 prima
704 1700 935 1757 particula
975 1700 1034 1745 ab

287 1762 487 1815 „adicies
502 1788 549 1792 -
566 1762 822 1817 liquamen“
844 1761 915 1805 ius
930 1773 1035 1804 con-

286 1822 404 1867 tinet
428 1822 475 1866 in
508 1834 598 1877 quo
623 1821 754 1877 lepus
773 1846 827 1851 —
846 1832 1036 1875 praeco-

285 1881 454 1937 quitur,
477 1881 626 1925 altera
646 1893 791 1935 usque
813 1879 876 1923 ad
896 1883 1035 1932 „tem-

283 1940 495 1997 perabis“
516 1940 694 1984 isicium
714 1953 804 1995 quo
828 1938 1035 1989 farcitur,

284 2000 365 2045 ubi
397 1999 547 2044 farsus
581 2003 667 2050 est,
699 1999 745 2041 in
763 2002 950 2043 omento
970 1997 1036 2040 in-

284 2059 491 2103 volvitur
523 2062 570 2103 et
601 2059 647 2102 in
674 2056 807 2102 furno
836 2060 1034 2101 assatur.

285 2118 426 2164 tertia
465 2117 610 2162 habet
651 2117 722 2162 ius
771 2130 862 2172 quo
903 2116 1036 2171 lepus

285 2182 468 2223 assatus
510 2174 818 2232 perfunditur.
852 2200 906 2207 —-
951 2180 1035 2218 te-

285 2250 391 2294 ges
423 2236 486 2281 ad
512 2237 612 2280 402.

374 2296 436 2347 ad
467 2295 568 2339 404.
602 2294 703 2339 405.
738 2306 876 2338 unam
907 2292 1035 2348 lepo-

286 2356 349 2399 ris
390 2354 587 2410 parandi
622 2354 850 2398 rationem
882 2351 1034 2396 habeo

287 2415 450 2460 eiectis
491 2413 710 2469 marginis
750 2411 905 2457 verbis
949 2411 1038 2465 „le-

286 2474 414 2531 poris
457 2473 726 2517 conditura“
777 2485 860 2515 seu
905 2483 1037 2524 „eon-

288 2534 520 2579 dimenta“
556 2532 628 2575 ed.
671 2545 739 2586 pr.
773 2531 899 2586 prior
930 2542 1038 2584 pars

282 2592 498 2637 ,continet
525 2590 728 2636 elixandi
745 2590 973 2633 rationem
992 2593 1039 2633 et

287 2653 358 2696 ius
392 2651 518 2707 quod
549 2650 601 2693 in¹
622 2650 754 2693 lance
777 2662 859 2693 seu
881 2659 1039 2692 mensa

289 2710 525 2761 culinaria,
556 2713 806 2763 antequam
830 2707 962 2762 lepus
979 2706 1041 2750 ad

288 2772 443 2826 ignem
480 2768 690 2824 ponitur,
733 2767 778 2810 in
821 2770 1039 2821 patenam

290 2828 513 2879 funditur,
524 2828 674 2871 altera
688 2827 916 2870 rationem
934 2838 1040 2869 con-

291 2888 448 2935 diendi
479 2892 527 2933 et
557 2888 644 2937 ius,
675 2887 914 2942 inpensam
937 2884 1038 2929 406.

1128 1701 1418 1746 condituram
1445 1701 1548 1752 407,
1581 1712 1673 1756 qua
1689 1711 1877 1754 percoe-

1127 1764 1202 1805 tus
1234 1760 1529 1807 suffunditur.
1561 1785 1611 1789 -
1634 1759 1721 1802 sic
1753 1771 1876 1813 app.

1128 1834 1229 1864 cum
1262 1820 1343 1863 illo
1376 1819 1474 1864 iure
1508 1818 1698 1863 condito
1731 1817 1793 1861 ad
1810 1817 1877 1873 ig-

1126 1893 1230 1923 ncm
1263 1878 1412 1933 ponis.

1216 1938 1277 1981 ad
1307 1938 1407 1981 406.
1470 1951 1563 1981 non
1595 1935 1708 1979 satis
1742 1934 1876 1989 capio

1127 2010 1229 2042 eam
1292 1996 1691 2052 compositionem,
1750 1994 1877 2038 cuius

1128 2057 1294 2101 lemma
1332 2056 1480 2111 ipsum
1525 2053 1759 2099 difficilius
1792 2057 1876 2097 est.

1128 2130 1222 2159 vox
1254 2115 1312 2160 de
1345 2127 1436 2170 qua
1468 2115 1622 2170 agitur
1663 2112 1880 2156 scribitur

1126 2174 1280 2218 sicio
1329 2178 1370 2225 β.
1419 2174 1542 2218 sico
1589 2172 1649 2227 γζ.
1697 2184 1878 2215 succo

1127 2231 1261 2276 ὃθκπ.
1297 2246 1492 2288 cumque
1525 2232 1597 2276 ed.
1619 2244 1688 2286 pr.
1713 2230 1772 2277 H.
1795 2230 1881 2285 (sic

1129 2293 1312 2336 variant
1340 2291 1447 2336 libri
1475 2291 1565 2344 40.)
1585 2294 1631 2334 et
1649 2294 1818 2344 postea
1834 2289 1881 2331 in

1128 2351 1339 2395 omnibus
1383 2364 1440 2395 ex
1481 2350 1691 2406 pipere
1727 2349 1878 2392 sicco

1129 2411 1185 2454 in
1237 2411 1403 2454 disco
1457 2409 1718 2453 sumitur.
1771 2407 1881 2451 olim

1128 2470 1256 2514 volui
1299 2468 1455 2513 sicio
1502 2468 1762 2523 „impensa“
1816 2467 1881 2509 in-

1128 2534 1403 2584 terpretans,
1435 2541 1556 2571 nune
1568 2545 1570 2549 >
1582 2524 1693 2570 mihi
1708 2525 1882 2580 impen-

1128 2600 1181 2632 sa
1227 2588 1325 2632 sine
1378 2586 1646 2630 humoribus
1694 2585 1882 2628 circum-

1131 2659 1295 2702 sparsa
1339 2646 1565 2698 ‚,siceum“
1621 2648 1694 2688 est
1737 2649 1784 2687 et
1827 2653 1883 2687 ex

1132 2719 1188 2750 eo
1220 2706 1344 2750 sicco
1379 2705 1451 2749 cui
1482 2708 1650 2759 postea
1670 2702 1882 2746 additum

1134 2765 1349 2820 „pipere“
1385 2764 1510 2820 quod
1552 2763 1601 2806 id
1632 2775 1703 2807 res
1735 2760 1883 2816 prima

1131 2826 1368 2879 impensae
1402 2827 1487 2874 est,
1533 2826 1582 2866 ut
1622 2822 1881 2877 piperatum

1132 2883 1300 2928 dieitur
1319 2883 1392 2927 cui
1410 2886 1595 2938 praeter
1621 2881 1754 2936 piper
1782 2878 1882 2935 plu-
