2066 3276
323 252 427 310 122
875 258 973 303 Lib.
1003 258 1078 303 VI.
1143 259 1383 316 Tropetes.

432 392 556 444 231.
617 391 730 444 Ius
772 392 1145 446 candidum
1183 394 1249 447 in
1280 410 1532 446 ansere
1574 393 1784 446 elixo:
1826 392 1903 462 pi-

319 482 432 532 per,
478 481 706 531 careum,
751 466 1013 534 ciminum,
1068 468 1157 538 api
1197 484 1394 533 semen,
1447 467 1646 534 timum,
1698 484 1902 535 cepam,

317 539 508 592 lasaris
547 538 801 607 radicem,
844 541 1062 596 nucleos
1101 546 1284 608 tostOS‚
1327 542 1431 595 mel
1471 545 1697 607 acetum,
1736 541 1902 609 liqua-

317 629 439 667 men
481 618 534 665 et
573 613 763 666 oleum.

430 688 556 743 232.
640 687 736 739 Ad
802 705 968 741 aves
1029 689 1307 755 virosas
1373 689 1552 741 omni
1616 704 1902 755 genere:

316 760 488 828 piper,
530 760 832 828 ligisticum,
873 762 1070 829 timum,
1119 769 1352 817 mentam
1405 762 1625 827 aridam,
1681 763 1903 829 calvam,

317 835 588 901 cariotam,
628 836 749 902 mel,
779 841 1004 903 acetum,
1032 837 1226 903 vinum,
1267 838 1552 904 liquamen,
1594 836 1783 901 oleum,
1813 835 1903 889 de-

314 906 539 974 frictum,
584 925 798 977 senape.
862 912 1030 963 Avem
1071 912 1393 979 sapidiorem
1435 917 1486 964 et
1521 910 1797 964 altiliorem
1826 910 1903 962 fa-

318 982 426 1035 cies
468 988 520 1035 et
559 983 608 1035 ei
651 983 1032 1051 pinguedinem
1066 986 1321 1052 servabiS‚
1364 984 1407 1038 si
1439 1001 1555 1037 eam
1584 983 1756 1037 farina
1785 985 1902 1038 oleo

317 1057 540 1110 subacta
581 1062 885 1110 contextam
922 1058 977 1110 in
1016 1060 1224 1112 furnum
1262 1059 1482 1112 miseris.

432 1132 555 1184 233.
618 1132 787 1185 Aliter
825 1149 1009 1185 avem:
1050 1133 1102 1186 in
1143 1139 1382 1188 ventrem
1424 1132 1535 1185 eius
1575 1132 1771 1185 fractas
1812 1132 1903 1184 oli·

315 1221 412 1258 vas
451 1220 618 1259 novas
659 1206 832 1260 mittes
875 1211 927 1259 ct
967 1212 1241 1261 consutam
1283 1207 1358 1261 sic
1412 1206 1651 1260 elixabiS.
1708 1204 1904 1260 deinde

319 1284 499 1334 coctas
540 1279 709 1333 olivas
751 1281 965 1335 eximes.

405 1412 465 1456 ad
512 1413 611 1455 232.
675 1412 967 1470 hyrcosas
1021 1418 1069 1457 et

318 1472 346 1515 h
361 1472 375 1515 i
388 1486 409 1515 r
423 1485 458 1516 c.
495 1471 632 1516 codd.
651 1485 742 1516 non
761 1472 931 1528 placet,
966 1486 1067 1517 cum

318 1535 537 1588 quantum
582 1531 678 1575 scio
711 1531 919 1576 hircosus
952 1546 1067 1576 sem-

316 1604 401 1646 per
446 1591 508 1634 sit
555 1591 631 1646 qui
679 1591 856 1634 alarum
899 1592 1067 1636 sudore

316 1653 495 1706 puteat,
528 1650 714 1693 Petron.
752 1651 907 1702 128,1.
944 1649 1064 1690 κινά-

315 1713 419 1765 βρας
461 1708 635 1757 ἀπόζων
678 1709 818 1763 ὥσπερ
861 1711 882 1755 ὅ
916 1708 1069 1765 ’τράγος

316 1768 503 1812 Lucian.
537 1768 657 1811 Dial.
703 1769 835 1812 Mort.
873 1770 895 1811 1
935 1782 1067 1824 prae-

314 1833 388 1872 ter
418 1828 618 1883 interpp.
652 1827 713 1870 ad
744 1828 853 1871 Hor.
890 1841 959 1883 ep.
1000 1830 1066 1879 12,

312 1888 354 1931 5.
390 1887 518 1931 Pers.
551 1888 594 1938 3,
630 1887 698 1930 77.
733 1887 899 1930 Catuli.
936 1888 1006 1937 69,
1025 1888 1063 1930 6.

317 1945 477 1990 confer
523 1946 732 1989 Ramires
775 1946 835 1989 ad
868 1946 1064 1989 Martial.

312 2007 354 2056 9,
391 2006 464 2055 93,
501 2006 566 2047 11.
602 2005 765 2060 scripsi
790 2006 1066 2049 vocabulum

314 2066 430 2108 artis
492 2065 732 2108 virosas
810 2065 1065 2116 bromosas‚

314 2123 449 2178 gravi
496 2136 552 2167 ae
597 2123 845 2167 iniucundo
899 2136 1066 2178 sapore

311 2181 481 2233 ferino,
526 2195 645 2238 quae
687 2181 979 2226 vehementia
1011 2195 1067 2226 ac

314 2242 558 2285 virositate
604 2241 715 2284 boni
766 2241 922 2284 odoris
975 2241 1064 2285 dis-

309 2301 500 2355 plicent.
520 2301 670 2354 pisces
689 2300 830 2343 virosi
848 2313 921 2355 ap.
942 2300 1060 2344 Cels.

311 2361 352 2413 2,
397 2360 467 2402 21.
515 2359 822 2414 Meleagridcs
870 2359 1063 2403 novissi-

311 2430 414 2463 mae
429 2422 536 2462 sunt
552 2418 894 2473 peregrinarum
910 2419 1062 2461 avium

312 2478 357 2520 in
390 2490 571 2520 mensas
614 2481 830 2531 receptae
872 2482 1064 2532 propter

313 2537 547 2592 ingratum
579 2538 720 2586 virus,
752 2536 865 2578 Plin.
904 2536 973 2587 10,
993 2536 1060 2579 74.

311 2607 430 2651 quae
462 2593 591 2638 afrae
613 2607 725 2639 aves
751 2595 926 2637 numidi
948 2595 1063 2649 pulli

309 2658 418 2697 sunt
449 2652 551 2697 242.
585 2654 709 2697 virus
731 2653 962 2697 anchusae
987 2667 1060 2709 ap.

308 2713 425 2756 Plin.
471 2713 542 2763 22,
576 2712 645 2756 50.
690 2712 929 2767 vulgatam
971 2711 1061 2756 for-

309 2777 435 2815 tasse
479 2770 689 2815 defendit
732 2771 861 2815 locus
894 2770 1062 2815 Isidori

311 2832 382 2882 12,
416 2830 456 2880 7,
488 2831 557 2872 61.
603 2830 682 2874 ubi
728 2830 876 2882 „suci“
927 2830 1058 2885 legas

308 2902 394 2946 pro
443 2889 582 2943 „sui“.
636 2914 683 2919 *-
738 2889 1058 2947 omnigere,

1160 1413 1506 1469 omniogere
1550 1412 1684 1456 codd.
1718 1411 1904 1456 omnis

1157 1473 1394 1526 generis
1466 1472 1598 1515 Hum.
1662 1476 1905 1527 utrumque

1159 1533 1341 1583 dicitur,
1374 1531 1521 1575 Halm.
1557 1531 1735 1575 emend.
1768 1530 1904 1574 Vale-

1157 1593 1268 1634 rian.
1301 1605 1346 1646 p.
1382 1592 1449 1634 13.
1487 1589 1553 1632 14.
1590 1616 1641 1620 —
1678 1590 1903 1634 calvam

1160 1655 1210 1694 ut
1256 1651 1378 1693 437-.
1405 1650 1506 1693 439.
1555 1663 1579 1694 e
1623 1649 1759 1693 codd.
1818 1657 1903 1703 pro

1158 1709 1356 1754 humelb.
1392 1708 1666 1752 salviam.
1711 1712 1784 1752 est
1813 1720 1905 1751 nux

1157 1770 1346 1824 pontica
1379 1768 1505 1812 tenui
1522 1768 1772 1822 putamine,
1799 1767 1904 1810 bar-

1156 1829 1217 1872 ba
1272 1827 1399 1871 molli
1454 1828 1672 1871 maiorem
1722 1830 1903 1881 partem

1157 1892 1448 1943 protegente,
1477 1900 1653 1930 summo
1683 1885 1835 1940 capite
1853 1890 1905 1928 ut

1160 1947 1283 1990 nudo
1311 1946 1614 2001 prominente,
1647 1945 1780 1988 nobis
1798 1944 1903 1988 inde

1160 2005 1286 2049 dicta
1332 2005 1560 2055 bartnuss,
1609 2004 1792 2061 corylus
1834 2008 1904 2047 tu-

1158 2065 1326 2109 berosa
1388 2063 1546 2108 Willd.
1599 2063 1904 2107 condiebatur

1158 2123 1202 2166 in
1237 2124 1341 2167 ollis
1375 2128 1422 2166 et
1460 2136 1618 2167 recens
1652 2122 1903 2176 viridisque

1157 2182 1430 2226 servabatur
1460 2187 1512 2225 ut
1539 2181 1768 2231 abellana,
1786 2180 1901 2223 Plin.

1158 2242 1226 2292 15,
1260 2242 1328 2284 90.
1366 2240 1470 2284 coll.
1520 2240 1617 2283 Cat.
1652 2240 1694 2291 8,
1725 2240 1765 2282 2.
1804 2239 1903 2290 143,

1154 2301 1194 2343 3.
1241 2300 1426 2344 Petron.
1472 2299 1542 2349 66,
1585 2299 1626 2341 4.
1664 2323 1713 2328 -—-
1758 2298 1901 2341 alti-

1155 2359 1363 2403 liorem
1426 2358 1616 2402 notione
1678 2357 1832 2400 activa
1873 2357 1900 2400 i.

1155 2431 1196 2473 q.
1232 2418 1521 2467 allbiliorem,
1552 2416 1902 2467 nutribiliorem,

1154 2476 1403 2527 naehrend,
1445 2475 1699 2526 nahrreich,
1738 2475 1804 2519 sic
1835 2475 1900 2519 di-

1154 2536 1387 2591 gestibilis
1419 2536 1489 2578 35.
1535 2539 1607 2579 est
1639 2534 1900 2579 concoctio-

1154 2608 1258 2638 nem
1290 2595 1466 2645 iuvans,
1501 2593 1557 2637 cs.
1587 2594 1774 2649 sanguis
1797 2593 1900 2636 alti-

1153 2653 1209 2697 lis
1241 2666 1312 2708 ap.
1347 2653 1548 2696 Macrob.
1584 2653 1624 2703 7,
1655 2653 1697 2695 4.
1732 2653 1800 2695 22.
1834 2652 1900 2694 in-

1153 2718 1303 2767 terpp.
1335 2712 1395 2755 ad
1413 2711 1536 2756 Cael.
1555 2710 1715 2755 Aurel.
1734 2724 1779 2766 p.
1798 2711 1897 2753 617.

1152 2772 1253 2815 618.
1316 2770 1551 2815 Kaercher
1614 2769 1756 2813 Beitr.
1819 2782 1899 2812 zur

1151 2830 1389 2884 Lexicogr.
1434 2829 1475 2871 4.
1514 2842 1556 2883 p.
1590 2828 1648 2871 48
1680 2841 1807 2883 seqq.
1844 2853 1896 2859 -

1152 2887 1409 2932 farinam
1454 2887 1522 2932 ol.
1583 2887 1896 2931 subactam
