2066 3276
758 199 856 245 Lib.
890 199 946 244 V.
999 200 1213 255 Ospreos.

1673 197 1765 251 101

186 335 297 388 tina
339 334 612 405 conponis.
654 339 793 388 teres
832 333 1003 405 piper,
1044 338 1275 387 mentam
1316 330 1530 399 siccam,
1582 331 1775 384 suffun-

188 410 283 463 des
325 409 607 477 liquamen,
649 409 850 462 adicies
889 409 1011 475 mel,
1061 424 1294 476 passum,
1345 406 1522 458 vinum
1565 410 1617 458 et
1656 423 1775 459 ace-

187 488 309 538 tum.
363 483 602 537 refundis
654 483 709 535 in
760 482 994 550 patinam
1051 499 1211 551 super
1268 480 1611 549 praecoquia‚
1672 480 1779 533 olei

186 557 450 611 modicum
491 557 650 610 mittis
693 562 745 610 et
771 558 913 609 lento
946 555 1058 623 igni
1096 555 1316 609 ferveat.
1362 571 1478 606 cum
1507 554 1776 621 fervuerit,

185 633 360 685 amolo
423 631 645 698 obligas.
708 631 862 702 piper
919 629 1165 703 aspargis
1225 634 1277 682 et
1314 628 1527 683 inferes

420 808 689 879 Incipit
726 806 929 879 Apici
973 806 1170 862 Caeli
1214 822 1523 878 ospreos.

868 942 1000 995 LIB.
1043 942 1106 995 V.

302 1078 418 1129 185.
474 1077 727 1129 Pultes.

803 1074 1007 1130 Alicam
1061 1079 1343 1145 purgatam
1386 1074 1638 1143 infundis,
1694 1092 1779 1130 co-

189 1167 335 1217 ques,
380 1168 498 1204 cum
537 1150 807 1219 fervuerit,
858 1151 1031 1204 oleum
1074 1150 1248 1202 mittis.
1294 1166 1411 1202 cum
1452 1150 1779 1218 spissaverit,

186 1225 301 1278 lias.

380 1225 597 1279 Adicies
641 1225 907 1278 cerebella
947 1225 1051 1277 duo
1095 1229 1248 1277 cocta
1291 1228 1343 1277 et
1376 1224 1625 1277 selibram
1666 1225 1783 1293 pul-

185 1316 290 1366 pae
331 1300 482 1366 quasi
522 1302 594 1353 ad
633 1299 784 1353 isicia
825 1299 1031 1366 friatae7
1075 1315 1193 1351 cum
1235 1299 1515 1352 cerebellis
1554 1303 1696 1353 teres
1732 1305 1784 1352 et

185 1374 239 1425 in
282 1374 570 1427 caccabum
612 1374 800 1427 mit-tes
840 1378 982 1427 teres
1010 1373 1180 1442 piper,
1222 1373 1526 1440 ligisticum,
1567 1373 1783 1427 feniculi

186 1464 386 1514 semen,
428 1448 687 1501 suffundis
727 1449 996 1515 liquamen
1037 1453 1090 1501 et
1127 1447 1257 1501 meri
1286 1446 1551 1501 modicum
1589 1453 1641 1501 et
1667 1448 1780 1500 mit-

186 1596 321 1647 codd‚
355 1596 416 1639 ad
448 1597 546 1640 176.
567 1622 620 1626 —
642 1596 938 1640 duracina

182 1654 502 1710 primotica
534 1655 760 1710 pusilla
802 1670 858 1711 p.
892 1656 937 1698 in

182 1714 362 1769 aliquot
395 1714 529 1758 codd.
562 1715 645 1758 sed
665 1713 756 1758 duo
781 1715 938 1770 priora

182 1773 416 1817 adiectiva
447 1786 475 1816 a
506 1774 713 1830 margine
755 1774 936 1818 venisse

181 1832 391 1876 videmus
455 1846 510 1876 cx
560 1850 591 1872 π
640 1834 717 1889 qni
774 1833 935 1878 forte

181 1892 473 1935 duracina
507 1893 780 1937 ducenda
812 1892 934 1950 pri-

180 1951 403 1994 motica
485 1956 532 1995 et
609 1966 664 1996 ex
734 1956 789 1992 θκ
857 1953 934 2008 qui

178 2011 572 2066 praecoquiis
626 2010 792 2055 forte
843 2012 934 2055 du-

178 2069 387 2112 racina
420 2070 648 2114 dusilla
690 2083 933 2126 praeco-

180 2129 328 2184 quia-
394 2128 439 2172 O.
486 2129 661 2173 Gesner
701 2130 747 2172 in
787 2143 930 2186 marg.

177 2188 248 2230 sui
292 2188 568 2243 exemplaris
611 2202 725 2232 corr.
761 2202 931 2244 prae-

180 2245 362 2289 cocia.
407 2248 740 2303 precoquia
788 2248 928 2292 codd.

176 2317 517 2361 praecoqua
591 2307 611 2355 ζ
680 2307 813 2350 Hum.
882 2312 929 2351 et

176 2363 459 2408 Schneidero
504 2366 581 2420 qui
623 2365 928 2410 conferendus

176 2423 238 2465 ad
281 2422 456 2466 Colum.
492 2425 561 2476 10,
594 2424 694 2467 410.
733 2425 927 2479 „primo-

176 2481 296 2524 tica“
343 2495 436 2525 vox
477 2495 504 2525 a
550 2484 815 2539 glossatore
846 2484 926 2527 ad-

175 2540 274 2583 dita
307 2545 390 2583 est.

262 2598 355 2642 Ad
396 2599 610 2644 librum
649 2601 703 2644 V.
755 2601 832 2655 qui
879 2601 923 2644 in

174 2658 375 2713 quinque
408 2658 673 2703 inscribitur
704 2673 730 2703 0
745 2673 766 2703 s
781 2664 831 2702 tr
842 2673 866 2703 e
881 2674 923 2711 0,

172 2717 217 2759 in
250 2717 320 2760 ed.
356 2731 421 2772 pr.
469 2731 742 2773 ospreon,
787 2719 920 2762 codd.

173 2776 229 2823 πζ
259 2775 373 2819 talia
407 2777 642 2828 omittunt,
680 2778 815 2821 Hum.
850 2778 920 2821 ed.

172 2848 200 2879 ο
214 2847 235 2878 s
249 2849 278 2891 p
293 2835 381 2880 rio
395 2848 429 2879 s.
475 2836 613 2880 etiam
649 2837 921 2886 Grammati-

1032 1595 1097 1639 cis
1132 1598 1182 1638 ut
1213 1595 1500 1652 Etymologo
1525 1595 1581 1639 M.
1616 1609 1660 1651 p.
1680 1596 1781 1646 576,

1028 1655 1100 1698 48.
1136 1654 1207 1698 ed.
1252 1654 1376 1709 Lips.
1415 1655 1603 1709 ὄσπρεον
1633 1655 1781 1699 minus

1028 1714 1184 1769 placet
1217 1726 1354 1768 quam
1385 1714 1577 1769 ὄσπριον,
1610 1727 1779 1758 novum

1028 1786 1195 1817 nomen
1230 1786 1257 1815 ο
1270 1786 1333 1828 sp
1346 1787 1366 1815 r
1382 1786 1406 1817 e
1421 1786 1447 1816 o
1463 1786 1485 1816 s
1507 1774 1691 1829 ὄσπρεος
1709 1780 1781 1819 est

1028 1833 1162 1889 quasi
1183 1830 1491 1885 ὅσπρεοὸέκτης
1523 1834 1665 1888 (quali
1685 1847 1779 1878 mo-

1029 1892 1089 1936 do
1130 1891 1250 1934 liber
1292 1896 1483 1947 quartus
1515 1893 1781 1937 inscribitur

1027 1949 1273 2003 Τιανδέκτης)
1336 1952 1412 1995 vel
1468 1950 1777 2007 ὂσπρεοὸόχος,

1026 2010 1370 2067 leguminarius,
1401 2010 1526 2066 quod
1546 2010 1777 2055 variorum

1024 2069 1304 2126 leguminum
1364 2070 1673 2125 pulmentaria
1731 2075 1777 2115 et

1024 2143 1182 2173 eorum
1244 2130 1513 2173 condituras
1570 2143 1776 2185 compre-

1024 2188 1197 2232 hendat
1239 2193 1286 2231 et
1330 2185 1557 2232 conficere
1591 2189 1774 2233 doceat.

1024 2248 1082 2292 de
1115 2247 1244 2303 pulte
1278 2260 1334 2290 ex
1373 2247 1683 2303 leguminibus
1718 2248 1773 2291 cf.

1021 2308 1138 2362 qrros
1197 2305 1361 2349 laudat
1414 2307 1645 2350 Hermann
1697 2307 1772 2352 Gr.

1018 2365 1262 2409 Privatalt.
1296 2369 1332 2417 ξ.
1369 2365 1439 2416 24,
1469 2367 1536 2408 ⁶25.

1102 2424 1168 2467 ad
1205 2424 1303 2466 185.
1339 2436 1394 2467 ea
1426 2425 1530 2480 puls
1559 2426 1772 2481 sequenti

1017 2483 1249 2526 simillima
1282 2495 1474 2539 eamque
1501 2484 1560 2528 ob
1587 2497 1771 2528 causam

1017 2542 1075 2585 ab
1125 2542 1258 2585 Hum.
1311 2543 1482 2587 omissa·
1540 2544 1585 2586 in
1635 2544 1769 2587 codd.

1015 2601 1167 2645 locum
1201 2606 1311 2645 ante
1357 2602 1452 2646 190.
1498 2602 1653 2646 habet.
1687 2603 1771 2646 in-

1016 2659 1223 2703 fundis
1256 2662 1300 2704 in
1333 2673 1501 2716 aquam
1538 2662 1633 2704 179.
1669 2662 1768 2705 208.

1016 2719 1103 2763 Cat
1154 2720 1223 2770 76,
1261 2722 1296 2763 1.
1333 2745 1386 2749 *-
1430 2721 1596 2776 ligas
1631 2721 1767 2764 codd.

1015 2778 1254 2834 obligas
1297 2779 1429 2822 Hum.
1476 2781 1573 2823 186.
1618 2793 1768 2824 meum

1013 2837 1134 2883 lias
1178 2842 1249 2883 cst
1294 2838 1411 2897 1yas,
1455 2839 1618 2896 liquas,
1655 2839 1766 2885 deli-
