2066 3276
761 254 860 302 Lib.
894 257 974 302 III.
1037 257 1254 315 Oepuros.
1738 262 1770 315 5
1776 260 1809 314 3

218 398 372 447 nutas
427 395 478 445 et
516 408 702 459 porros
742 392 1009 460 requietos
1051 392 1292 460 elixabis,
1341 393 1394 445 in
1445 399 1646 462 patena
1685 413 1808 449 con-

217 486 402 537 poneS.
456 474 597 523 teres
650 469 818 537 piper,
874 469 1136 536 ciminum,
1191 468 1466 522 suffundes
1523 469 1809 537 liquamen,

217 561 452 612 passum,
493 549 549 596 ut
589 543 853 610 quaedam
893 543 1121 597 dulcedo
1162 544 1241 596 sit.
1283 542 1451 596 facias
1492 548 1548 596 ut
1587 543 1809 611 ferveat,

219 635 338 671 cum
378 617 645 683 fervuerit,
686 617 899 671 inferes.
943 618 1182 670 similiter
1219 617 1549 685 polipodium
1589 617 1644 671 in
1676 618 1810 686 tepi-

219 691 341 743 dam
393 692 584 756 mitteS,
638 691 726 744 ubi
766 692 1025 757 mollierit,
1077 691 1236 744 rades
1290 696 1342 744 et
1379 691 1632 743 minutum
1693 709 1812 745 cum

217 771 405 839 pipere
446 771 498 821 et
538 764 729 818 cimino
768 766 946 819 tritum
984 765 1038 817 in
1076 770 1329 833 patenam
1369 763 1664 819 ferventem
1697 766 1811 819 mit-

217 850 298 898 tes
342 849 394 897 et
432 840 608 895 uteris.

331 920 416 972 63.
458 914 626 970 Aliter
653 912 724 966 ad
756 922 1024 966 ventrem:
1066 912 1250 966 faeces
1283 911 1612 965 betaciorum
1644 912 1812 967 facies

220 991 444 1059 detergi,
486 1006 553 1043 ne
593 988 758 1053 laves,
799 988 853 1039 in
895 1003 986 1040 eos
1025 987 1080 1039 in
1119 986 1353 1041 medium
1385 986 1595 1054 nigrum
1628 1003 1812 1055 aspar-

218 1083 316 1134 ges
370 1071 422 1120 et
474 1062 685 1129 alligas,
740 1062 979 1129 singulos
1030 1061 1206 1115 fasces
1257 1061 1450 1126 mittes,
1490 1060 1546 1112 in
1585 1078 1814 1128 aequam

221 1158 338 1195 cum
379 1139 605 1204 coxeriS,
649 1136 867 1191 condies
908 1140 1178 1204 patenam,
1221 1151 1339 1189 cum
1373 1134 1565 1188 eadem
1597 1151 1814 1204 passum

220 1303 378 1347 mittes
414 1307 462 1347 et
495 1307 653 1348 coctas
687 1315 787 1348 cum
821 1315 876 1347 eo
909 1302 975 1346 in-

221 1362 355 1407 feres.
402 1363 571 1417 811173.
620 1364 886 1408 cucurbitae
929 1363 976 1407 in

221 1423 383 1478 patina
415 1421 683 1466 inferuntur.
720 1423 880 1479 quales
907 1421 975 1467 di-

223 1486 331 1526 cunt
376 1482 656 1536 patinarias,
704 1483 974 1533 iurulentae,

224 1541 391 1586 Graeci
432 1540 477 1581 ἒν
518 1539 698 1595 τηγάνῳ,
743 1541 788 1582 ἓν
819 1540 975 1582 λοπάδι

222 1602 522 1652 σκευαζομένας
570 1626 624 1632 --
673 1602 885 1656 patina
928 1606 975 1645 et

219 1664 445 1715 patena
488 1673 512 1703 e
543 1660 674 1703 varia
705 1662 973 1715 pronuntia-

220 1719 351 1762 tione
383 1718 613 1770 scribitur,
647 1724 694 1763 et
726 1721 781 1763 63
818 1721 872 1763 72
898 1733 970 1775 ap.

225 1778 402 1822 Colum.
441 1779 510 1829 12,
528 1777 599 1827 44,
617 1780 656 1821 3.
693 1778 749 1822 cf.
773 1779 978 1824 Phaedr.

221 1837 292 1887 26,
325 1836 365 1879 4.
414 1837 494 1882 ubi
526 1838 690 1892 vulpes
722 1839 767 1882 in
799 1843 973 1893 patena

222 1896 445 1952 liquidam
479 1898 637 1952 posuit
654 1898 969 1943 sorbitionem.

221 1959 273 1999 ut
305 1960 469 2010 patera
501 1970 666 2000 nomen
687 1956 972 2013 habetapa-

221 2015 428 2059 tentibus
463 2016 783 2072 dispansisque
827 2017 970 2061 labris

222 2079 270 2118 et
304 2073 359 2117 Cf.
395 2073 571 2126 πατάνη.
610 2100 663 2107 —-
712 2090 797 2131 pro
838 2076 971 2120 dul-

217 2133 365 2177 cedo
398 2133 445 2177 in
476 2134 624 2178 tribus
659 2135 793 2179 codd.
829 2140 877 2180 et
897 2136 968 2180 ed.

214 2206 283 2247 pr.
337 2192 616 2237 ducenda.
668 2220 722 2224 —
765 2195 821 2237 in
853 2199 966 2250 tep.

214 2251 430 2295 mittes
463 2252 623 2307 tepida
655 2265 779 2308 aqua
810 2254 969 2298 made-

217 2309 374 2361 facies,
420 2311 536 2355 Plin.
583 2312 654 2362 26,
699 2312 769 2356 58.
812 2326 836 2356 e
877 2327 967 2368 quo

216 2374 351 2424 patet
401 2371 677 2422 „minutum“
740 2385 841 2415 cum
887 2386 968 2416 no-

216 2430 337 2471 mine
359 2429 716 2485 „polypodium“
742 2443 844 2474 esse
870 2430 967 2473 iun-

214 2487 428 2542 gendum.
454 2513 506 2517 —
538 2488 812 2531 ciminum
830 2489 966 2532 codd.

217 2569 260 2574 -κ
313 2545 367 2587 111
414 2550 687 2600 patenam
730 2548 776 2590 in
818 2548 967 2602 ipsum

216 2602 438 2647 ferculum
472 2618 505 2648 s.
543 2605 693 2649 cibum
720 2606 766 2648 in
795 2611 968 2662 patena

215 2667 412 2713 coctum,
459 2662 824 2719 pfannegericht.
873 2679 965 2708 non

214 2722 361 2765 minus
395 2734 535 2778 saepe
567 2736 725 2766 mensa
757 2724 859 2779 ipso
877 2738 963 2779 pro

214 2780 369 2824 edulio
412 2786 482 2824 est
525 2786 571 2825 et
603 2782 800 2837 τράπεζα.
864 2783 964 2831 Ian·

214 2839 275 2882 ad
306 2839 507 2884 Macrob.
543 2844 629 2884 sat.
660 2842 698 2891 7,
720 2843 758 2892 1,
780 2842 817 2884 1.
868 2841 964 2886 Sei-

214 2897 282 2942 ler
313 2898 374 2942 ad
409 2900 556 2956 Long.
588 2901 630 2951 3,
654 2900 697 2948 7,

1156 1299 1218 1344 ad
1250 1301 1320 1345 63.
1369 1298 1494 1343 Tota
1537 1299 1814 1355 compositio

1068 1359 1202 1404 deest
1233 1360 1279 1404 in
1311 1358 1383 1403 ed.
1418 1371 1485 1413 pr.
1528 1358 1693 1415 addita
1723 1359 1815 1402 iam

1067 1419 1126 1463 ab
1159 1420 1296 1467 Hum.
1330 1418 1457 1462 cuius
1479 1417 1716 1462 inventum
1739 1417 1816 1461 fa-

1068 1480 1188 1524 cies
1251 1479 1630 1523 betaceorum
1699 1475 1816 1521 fas-

1067 1552 1174 1590 ces,
1208 1539 1509 1593 deterges,
1542 1537 1724 1587 laves,
1758 1537 1815 1579 in

1065 1612 1264 1643 eorum
1306 1596 1562 1640 medium
1594 1596 1815 1639 nitrum

1065 1671 1179 1713 asp.
1199 1658 1364 1701 rideas.
1385 1655 1595 1699 codicum
1616 1653 1812 1708 „facies“

1065 1717 1329 1767 tenendum,
1343 1715 1427 1759 sed
1445 1728 1602 1758 eorum
1622 1713 1678 1758 fa
1692 1715 1743 1758 ci
1756 1728 1780 1758 e
1793 1727 1814 1758 s

1065 1776 1197 1828 (facit
1248 1778 1298 1829 π)
1347 1774 1562 1818 mendum
1611 1778 1682 1818 est
1728 1787 1813 1829 pro

1064 1835 1284 1886 faeces,
1326 1835 1428 1878 vult
1470 1834 1589 1877 enim
1626 1833 1814 1886 „sordes

1063 1895 1282 1951 absterge
1311 1908 1393 1938 seu
1422 1896 1626 1948 amputa,
1660 1891 1814 1936 faecu-

1062 1955 1253 1999 lentiam
1267 1954 1396 2004 tolle,
1410 1951 1646 1996 schla-mm.
1663 1952 1692 1996 b
1705 1965 1729 1996 e
1739 1956 1813 1994 ta-

1064 2015 1283 2058 ciorum
1302 2026 1359 2057 ex
1375 2017 1416 2063 β.
1439 2012 1576 2055 beta
1594 2015 1625 2054 t.
1650 2010 1813 2054 inreli-

1064 2074 1179 2129 quis,
1198 2073 1356 2128 sicque
1374 2072 1555 2114 variant
1586 2071 1654 2113 64.
1675 2070 1815 2114 scribi

1063 2137 1283 2187 oportere
1306 2131 1561 2186 puleiacius
1591 2134 1638 2173 et
1669 2130 1814 2185 pasti-

1061 2192 1219 2235 nacius
1268 2204 1342 2245 ap.
1391 2189 1583 2233 Salmas.
1628 2188 1673 2231 in
1716 2188 1810 2232 Sol.

1060 2264 1103 2305 p.
1136 2251 1236 2294 583.
1266 2250 1307 2294 b.
1326 2248 1581 2292 malvacius
1599 2260 1675 2302 ap.
1693 2248 1812 2290 Plin.

1061 2311 1134 2364 21,
1171 2311 1237 2353 19.
1271 2308 1492 2351 Priscian.
1525 2308 1552 2350 3
1580 2302 1657 2349 fin.
1691 2307 1814 2361 rapi-

1061 2369 1158 2412 cius
1191 2381 1272 2411 seu
1290 2366 1503 2421 rapacius
1526 2377 1599 2419 ap.
1621 2364 1708 2408 Cat
1738 2365 1810 2416 35,

1060 2428 1100 2470 2.
1138 2426 1239 2473 134,
1273 2427 1313 2469 1.
1346 2425 1466 2471 Plin.
1502 2424 1568 2473 18,
1605 2424 1700 2466 127,
1748 2424 1809 2467 al.

1059 2486 1140 2529 alii
1171 2487 1460 2529 monuerunt.
1501 2486 1609 2526 sunt
1630 2482 1810 2526 radices

1059 2549 1107 2589 et
1150 2541 1295 2587 fibrae
1338 2543 1479 2587 betae
1512 2541 1718 2597 vulgaris
1765 2542 1811 2585 in

1058 2603 1206 2647 hortis
1236 2602 1402 2652 cultae,
1431 2599 1566 2645 rothe
1598 2600 1727 2644 riibe.
1753 2626 1809 2658 -ὴ

1058 2676 1114 2707 ex
1147 2675 1342 2706 eorum
1375 2659 1464 2705 feci
1506 2672 1606 2704 eos
1648 2660 1718 2710 in,
1757 2663 1811 2703 ut

1060 2723 1131 2775 „in
1162 2721 1389 2765 medium“
1425 2732 1507 2764 seu
1535 2720 1607 2772 „in
1623 2718 1805 2762 medio“

1055 2782 1116 2831 sit
1141 2780 1267 2836 quod
1293 2780 1544 2832 „interim“,
1577 2777 1804 2821 indessen.

1055 2840 1115 2883 ad
1131 2853 1176 2884 ‚n
1189 2840 1203 2882 i
1216 2852 1247 2894 g
1260 2852 1281 2881 r
1292 2852 1321 2881 u
1331 2852 1375 2881 m
1393 2838 1579 2891 (nitrum
1597 2852 1654 2890 γπ
1671 2836 1806 2880 Hum.

1056 2898 1113 2943 cf.
1147 2898 1209 2943 ad.
1242 2896 1417 2953 Gargil.
1452 2910 1541 2940 cur.
1575 2896 1716 2940 boum
1733 2895 1803 2941 23.
