2066 3276
325 220 395 275 62
860 223 959 268 Lib.
996 224 1074 267 III.
1141 223 1362 279 Cepuros.

325 355 549 408 elixatos
585 356 866 424 exprimes.
910 356 1105 409 deinde
1145 361 1285 409 teres
1327 354 1573 409 ciminum
1611 357 1909 424 plurimum,

323 434 510 496 rutam,
550 429 722 481 minus
760 430 903 481 lasar
942 431 1200 499 particum
1240 431 1328 482 vel
1362 435 1585 496 acetum,
1627 431 1909 498 liquamen,

324 502 603 556 defrictum
658 510 709 556 et
760 504 935 555 oleum
987 503 1214 556 modice.
1269 503 1477 556 fervere
1526 503 1693 556 facies
1749 510 1800 557 et
1837 505 1911 556 in·

320 575 478 628 feres

436 649 521 702 95.
552 649 744 702 Aliter:
770 666 931 717 rapas
958 650 1070 702 sive
1098 666 1268 718 napos
1294 650 1462 702 elixas
1490 649 1705 716 infereS,
1740 650 1913 702 oleum

328 722 725 789 subinstillabiS,
767 723 811 775 si
850 724 1014 789 voleS,
1057 729 1265 776 acetum
1306 723 1464 776 adde.

437 798 522 850 96.
565 796 898 850 Rafanos:
940 796 1155 850 rafanos
1196 814 1314 851 cum
1353 798 1613 866 piperatO,
1654 796 1728 849 ita
1755 802 1811 848 ut
1838 797 1913 865 pi-

322 886 422 939 per
461 887 579 924 cum
617 870 902 936 liquamine
942 875 1100 924 teras,

437 946 521 997 97.
567 945 780 997 Holus
820 946 1042 998 molle.
1097 944 1250 997 holus
1301 945 1461 997 molle
1515 961 1583 997 ex
1630 943 1911 996 holisatrO:

325 1023 533 1072 coctum
574 1034 642 1070 ex
681 1035 821 1084 aqua
859 1019 1052 1071 nitrata
1093 1035 1405 1087 expressum
1458 1017 1708 1071 concides
1749 1017 1913 1069 minu-

324 1092 433 1146 tim.
484 1098 625 1146 teres
663 1093 835 1161 piper,
888 1093 1189 1160 ligisticum,
1231 1092 1518 1145 satureiam
1558 1092 1755 1145 siccam
1797 1108 1915 1145 cum

325 1183 463 1235 cepa
503 1167 663 1233 sicca,
704 1167 990 1235 liquamen,
1034 1167 1209 1220 oleum
1250 1171 1301 1219 et
1339 1166 1533 1218 vinum.

437 1242 523 1294 98.
566 1240 733 1294 Aliter
771 1241 924 1293 holus
964 1241 1152 1294 molle:
1207 1240 1388 1309 apium
1430 1255 1628 1306 coques
1670 1254 1737 1291 ex
1776 1255 1917 1305 aqua

324 1314 535 1381 nitrata,
579 1315 845 1382 exprimes
887 1319 939 1367 et
978 1314 1231 1367 concides
1272 1313 1524 1366 minutim.
1573 1312 1627 1364 in
1667 1313 1914 1365 mortario

323 1393 464 1442 teres
515 1388 686 1457 piper,
739 1388 1041 1455 ligisticum,
1102 1388 1398 1455 origanum,
1460 1403 1665 1454 cepam,
1719 1385 1914 1453 vinum,

324 1462 593 1529 liquamen
635 1468 686 1516 et
726 1463 915 1516 oleum.
961 1478 1157 1529 coques
1197 1462 1251 1515 in
1290 1462 1516 1530 pultario
1560 1466 1610 1513 et
1635 1460 1710 1513 sic
1738 1461 1916 1531 apium

326 1536 638 1590 conmisces.

436 1612 522 1663 99.
564 1610 732 1663 Aliter
770 1608 923 1662 holus
962 1609 1120 1661 molle
1163 1625 1230 1661 ex
1263 1607 1403 1661 foliis
1438 1609 1762 1661 lactucarum
1798 1624 1916 1660 cum

324 1684 534 1752 scapis:
590 1700 788 1750 coques
831 1700 898 1736 ex
937 1699 1077 1748 aqua
1115 1682 1324 1748 nitrata,
1368 1698 1625 1749 expressa
1665 1681 1917 1734 concides

324 1759 578 1810 minutim.
614 1758 669 1809 in
696 1757 946 1809 mortario
982 1761 1123 1808 teres
1157 1756 1327 1823 piper,
1369 1756 1671 1822 ligisticum,
1713 1755 1817 1829 api
1835 1771 1915 1808 se-

325 1849 463 1898 men,
523 1836 755 1885 mentam
814 1830 1027 1896 siccam,
1089 1846 1302 1898 cepam,
1363 1830 1661 1896 liquamen,
1723 1829 1914 1895 oleum,

324 1922 520 1959 vlnum.

326 2035 383 2065 ex
414 2038 438 2076 γ
470 2020 591 2065 laser
633 2021 777 2078 igitur
809 2021 913 2065 loco
957 2020 1078 2064 aceti

326 2079 536 2124 adhiberi
577 2085 779 2136 poterat,
826 2080 939 2124 alibi
985 2092 1076 2135 quo

326 2139 475 2183 acrius
521 2135 654 2184 fieret
706 2143 889 2182 acetum
917 2137 1077 2182 laseris

326 2210 462 2241 sucus
495 2198 852 2247 admiscebatur,
894 2198 951 2241 de
985 2210 1076 2252 quo

327 2261 462 2300 aceto
496 2257 787 2312 laserpitiato
831 2257 876 2299 in
922 2256 1074 2300 Gloss.

328 2315 523 2361 dicetur.
555 2317 676 2360 laser
708 2320 755 2359 et
781 2321 963 2359 acetum
980 2315 1077 2357 iun-

327 2375 453 2430 gitur
484 2376 584 2419 393.
630 2374 752 2419 forte
795 2374 1077 2430 iungendum

331 2434 538 2487 „modice
558 2433 761 2478 fervere“
785 2432 840 2476 cf.
859 2433 956 2484 115,
979 2432 1074 2475 120.

326 2493 426 2536 321.
460 2494 560 2536 395.
605 2494 662 2537 de
701 2493 824 2548 rapis
857 2491 1077 2547 parandis

330 2552 429 2595 153.
478 2577 532 2584 -—
576 2551 697 2596 forte
729 2550 970 2602 infares‚
1011 2550 1078 2593 in-

328 2608 489 2663 farres,
521 2610 642 2655 farre
675 2611 855 2666 obliges
887 2610 957 2653 42.

417 2670 479 2714 ad
510 2670 580 2713 96.
612 2670 702 2714 ita
735 2694 787 2700 -—
822 2675 984 2713 teras
1027 2672 1079 2712 ut

328 2728 429 2771 314.
474 2734 626 2773 tereas
668 2733 743 2780 βπ.
793 2732 845 2771 ut
889 2740 1079 2782 carpeas

331 2787 431 2833 151.
479 2793 719 2844 tergeatur
776 2791 823 2831 et
870 2791 1081 2842 tergatur

329 2860 402 2903 ap.
447 2847 565 2893 Cels.
612 2848 650 2900 7,
694 2847 734 2899 1,
778 2846 844 2890 sic
894 2849 1079 2891 manere

1168 2033 1252 2075 pro
1271 2032 1456 2063 manare
1474 2021 1574 2063 373.
1607 2018 1794 2063 sufflere
1817 2018 1918 2062 364.

1170 2079 1323 2122 Lavere
1366 2080 1411 2122 in
1455 2078 1641 2122 Sallust.
1685 2077 1737 2121 fr.
1773 2080 1812 2121 2.
1847 2078 1916 2120 81.

1170 2138 1361 2182 densere
1407 2151 1492 2192 pro
1543 2138 1737 2182 densare
1784 2137 1843 2180 ib.
1877 2137 1916 2179 2.

1169 2197 1237 2240 68.
1274 2195 1329 2239 cf.
1350 2197 1547 2250 interpp.
1568 2197 1630 2239 ad
1647 2196 1791 2239 Tacit.
1813 2208 1914 2238 ann.

1169 2256 1210 2306 2,
1231 2255 1299 2305 14,
1318 2256 1358 2297 2.
1391 2255 1517 2298 Bach
1550 2255 1611 2298 ad
1645 2254 1775 2298 Ovid.
1810 2258 1916 2298 met.

1170 2316 1240 2365 13,
1254 2314 1352 2357 605.
1364 2313 1599 2358 Kaercher
1615 2314 1768 2369 Etym.
1783 2313 1917 2357 beitr.

1258 2431 1319 2474 ad
1351 2432 1420 2475 97.
1473 2431 1650 2475 holus
1685 2444 1741 2475 ex
1773 2434 1803 2480 β
1834 2443 1918 2485 pro

1170 2491 1316 2536 olus.
1339 2516 1389 2520 -—
1408 2491 1691 2534 minutum
1718 2493 1788 2545 βγ.
1820 2489 1921 2532 mi-

1168 2554 1435 2594 nutatum
1468 2565 1513 2593 π.

1257 2608 1319 2652 ad
1366 2610 1437 2653 99.
1527 2621 1646 2652 cum
1709 2605 1920 2661 scapis

1169 2668 1332 2722 scripsi
1365 2681 1449 2722 pro
1484 2681 1604 2711 cum
1627 2665 1842 2720 caepis.
1871 2665 1920 2708 id

1172 2733 1244 2771 est
1277 2726 1484 2770 caulibus
1521 2727 1615 2770 100.
1653 2724 1826 2768 Colum.
1848 2724 1918 2774 12,

1171 2788 1213 2837 9,
1249 2787 1287 2828 1.
1329 2785 1500 2842 thyrsis
1541 2785 1657 2828 Plin.
1705 2783 1772 2834 19,
1821 2783 1917 2825 129.

1173 2844 1296 2890 Cael.
1316 2844 1431 2888 Aur.
1451 2843 1714 2895 0111·011.3,2.
1734 2840 1918 2886 strunk-
