2066 3276
905 242 1162 292 Praefatio.
1799 245 1833 302 5

237 382 555 437 cantilenam
597 399 703 435 non
744 381 946 435 audies.
987 382 1078 450 pol
1118 382 1291 434 Tuam
1331 379 1401 433 ad
1429 380 1644 436 laudem
1674 376 1834 451 quam

234 475 434 544 apertis
486 474 626 528 tibiis
682 474 894 527 celebro
936 504 1007 511 —
1061 472 1318 526 musicam
1371 472 1531 527 docet
1581 490 1731 527 amor
1784 479 1837 528 et

234 564 277 617 si
317 564 474 618 fuerit
512 564 758 617 indoctus
786 563 933 631 prius
966 594 1027 601 -
1062 561 1246 614 addito
1275 562 1623 631 praefiscine!
1683 564 1834 618 Alter

237 655 398 706 Ianus
453 670 528 721 eS,
597 654 730 706 alter
782 652 1224 705 Rhadamanthus
1275 651 1581 719 iustitiaque
1632 652 1833 720 iustior,

236 743 370 796 alter
411 742 618 811 Cydon,
660 740 892 809 antiquis
927 741 1179 808 moribus,
1222 746 1330 793 tam
1358 741 1665 810 inculpat-ae
1691 742 1834 798 vitae

236 849 393 900 quam
423 831 699 885 doctrinae
726 848 832 884 non
862 830 1102 898 trivialiS,
1139 830 1415 900 specimen
1444 832 1701 885 bonarum
1729 831 1832 886 dis-

233 922 562 990 ciplinarum,
623 920 720 974 flos
779 920 1017 974 illibatus
1075 920 1427 988 ingeniorum,
1491 920 1653 974 attica
1708 920 1833 989 fide,

235 1010 428 1078 dignus
470 1011 680 1079 quicum
720 1011 773 1063 in
815 1010 1049 1064 tenebris
1080 1011 1319 1077 micetur,
1363 1026 1548 1063 aurum
1575 1010 1687 1079 igni
1713 1028 1833 1080 pro-

234 1101 431 1169 batum,
484 1117 590 1154 non
646 1100 831 1169 lingua
890 1100 1110 1168 amicus,
1160 1116 1269 1153 non
1320 1098 1426 1153 fers
1467 1100 1636 1154 altera
1674 1117 1835 1155 manu

234 1207 445 1259 aquam,
492 1191 675 1259 ignem
729 1191 922 1258 altera,
976 1206 1152 1258 neque
1202 1189 1310 1244 fers
1363 1190 1532 1244 altera
1578 1189 1832 1259 lapidem,

234 1280 401 1334 altera
443 1285 683 1334 ostentas
726 1297 939 1349 panem,
982 1296 1090 1332 non
1129 1279 1509 1348 manticulariS,
1549 1297 1655 1333 non
1683 1280 1834 1335 dives

234 1386 290 1423 es
349 1370 641 1438 promissiS,
705 1386 764 1422 os
822 1369 886 1422 iis
948 1369 1103 1423 inest.
1167 1385 1235 1422 ex
1273 1368 1448 1423 fronte
1487 1370 1830 1439 perspiceriS,

233 1459 368 1512 mira
407 1459 699 1513 lenitudine
728 1476 792 1512 ac
821 1458 1084 1511 suavitate
1113 1457 1409 1525 abundans,
1453 1460 1627 1527 gratia
1652 1475 1831 1528 paene

235 1547 465 1615 quadam
508 1547 767 1615 quidquid
810 1547 907 1614 ais,
951 1547 1211 1614 quidquid
1238 1548 1489 1615 loqueris,
1531 1548 1638 1601 imo
1670 1548 1831 1602 etiam

233 1637 277 1690 si
317 1637 446 1689 nihil
487 1638 565 1691 ais
606 1630 1126 1704 nihilqueloqueriS,
1169 1636 1426 1704 singulari
1466 1655 1530 1691 ac
1556 1638 1703 1689 vultu
1737 1636 1828 1691 de-

229 1726 388 1794 nique
428 1726 547 1795 ipso
584 1726 828 1780 homines
865 1725 1121 1793 devincis,
1162 1726 1506 1779 iucunditatis
1538 1726 1658 1795 plus
1690 1726 1831 1780 inest

227 1816 282 1869 in
322 1817 401 1870 Te
441 1816 569 1868 mihi
611 1834 769 1883 quam
825 1816 1193 1870 commercatis
1234 1817 1529 1884 conquisite
1565 1817 1825 1871 edulibus,

226 1905 270 1958 si
311 1907 477 1959 verba
519 1911 869 1974 suppeterent
910 1906 1106 1974 anim0,
1147 1906 1370 1961 laudare
1404 1923 1500 1975 pro
1536 1907 1723 1962 merito
1749 1907 1826 1960 in-

227 1995 459 2063 genium,
501 1995 683 2049 literas
723 1996 868 2048 Tuas
907 2012 1145 2063 conarer,
1188 1996 1285 2050 sed
1311 2012 1503 2050 vereor
1536 2013 1603 2050 ne
1637 1995 1827 2051 laudes

228 2101 392 2152 cogar
430 2089 624 2153 tantas,
666 2089 723 2137 ut
760 2086 989 2139 Flaccus
1043 2086 1188 2138 Tuus
1236 2085 1421 2152 inquit,
1473 2085 1631 2154 culpa
1680 2085 1825 2140 dete-

226 2190 345 2228 rere
384 2174 604 2241 ingenii.
662 2174 888 2228 eruditio
940 2176 1059 2228 Tua
1105 2175 1197 2228 illa
1236 2175 1454 2230 interior
1493 2180 1654 2242 atque
1692 2175 1824 2244 poli-

223 2263 325 2316 tior
376 2281 409 2316 a
461 2264 673 2317 nemine
722 2281 829 2317 non
887 2265 1046 2332 paulo
1088 2265 1400 2318 humaniore
1440 2264 1740 2333 suspicitur,
1792 2282 1826 2318 a

224 2369 309 2406 me
355 2357 406 2406 et
446 2354 730 2422 suspicitur
761 2358 813 2407 et
846 2358 1067 2406 amatur.
1108 2354 1291 2407 hocin
1318 2370 1580 2422 praesens
1608 2353 1681 2420 fit,
1721 2353 1824 2407 hoc

222 2439 368 2494 idem
408 2441 499 2495 fiet
537 2443 591 2494 in
632 2447 921 2510 posterum.
965 2459 1079 2494 sum
1120 2448 1173 2496 et
1212 2459 1301 2496 ero
1338 2443 1571 2495 Tuarum
1604 2442 1824 2495 laudum

223 2528 268 2582 si
308 2547 416 2582 non
442 2530 684 2598 idoneUS,
727 2532 917 2585 saltem
942 2532 1236 2586 benevolus
1263 2531 1590 2585 buccinator.
1633 2531 1820 2586 merito

223 2635 396 2671 meres
449 2624 505 2671 ut
561 2618 804 2687 diligam,
860 2620 1038 2674 anima
1075 2638 1197 2674 mea
1238 2626 1289 2675 et
1328 2620 1464 2673 vita!
1542 2621 1623 2673 Te
1662 2638 1696 2674 a
1735 2637 1820 2674 me

222 2707 389 2760 amari
432 2707 635 2776 crepitu
674 2710 944 2776 probabis

335 2797 510 2848 Tanta
553 2802 634 2850 est
673 2798 775 2850 Tui
813 2798 866 2850 in
906 2816 990 2852 me
1034 2799 1192 2852 officii
1232 2799 1563 2867 magnitudO,
1606 2803 1663 2852 ut
1702 2816 1820 2852 cum

221 2886 304 2938 Tu
345 2890 397 2939 et
437 2885 657 2939 consilio
700 2891 751 2940 et
790 2904 847 2940 re
887 2887 1074 2941 iuvare
1114 2904 1199 2941 me
1239 2904 1510 2956 nunquam
1551 2887 1817 2943 destiteris
