2066 3276
244 240 349 301 150·
774 246 871 292 Lib.
907 248 1006 292 vn.
1051 249 1286 295 Politeles.

353 381 475 435 303.
536 381 758 434 Dulcia:
801 380 1046 449 piperato
1088 383 1247 435 mittis
1286 383 1407 450 mel,
1450 400 1667 450 merum,
1709 403 1828 454 pas-

238 471 370 521 sum,
410 459 599 521 rutam,
643 472 706 508 eo
748 455 908 507 mittis
962 457 1198 523 nucleos,
1252 456 1445 510 misces
1498 457 1688 510 alicam
1741 461 1828 513 eli-

237 534 436 595 xatam‚
480 528 723 581 concisas
763 545 948 596 1111083,
991 530 1264 583 avellanas
1303 535 1470 584 tostas
1524 531 1727 586 adicies
1780 538 1832 587 et

235 602 451 656 infeiffes

358 677 481 746 304.
544 675 712 729 Aliter
753 674 958 729 dulcia:
1000 676 1169 744 piper,
1211 677 1445 744 nucleos,
1487 680 1607 745 mel,
1661 684 1831 732 rutam

241 755 293 804 et
333 767 554 818 passum
592 754 751 816 tereS,
796 766 913 802 cum
954 749 1094 803 lacte
1137 754 1188 804 et
1225 755 1466 818 tractam,
1511 769 1674 820 coges
1710 770 1823 806 coa-

239 826 439 892 gulum,
492 840 662 890 coque
718 840 833 877 cum
886 823 1110 878 modicis
1165 824 1278 878 ovis
1330 825 1618 894 perfusum,
1673 828 1865 897 melle⁴

237 915 516 967 asparsum
557 902 608 950 et
645 897 858 951 inferes.

350 973 475 1026 305.
536 971 704 1025 Aliter
745 970 949 1024 dulcia:
992 971 1228 1039 accipies
1269 973 1510 1039 similam,
1554 991 1751 1039 coques
1781 980 1832 1028 et

237 1046 290 1099 in
332 1063 474 1112 aqua
525 1044 717 1111 calida,
770 1046 844 1098 ita
898 1050 954 1097 ut
1006 1045 1339 1099 durissimam
1390 1048 1590 1115 pultem
1644 1048 1827 1103 facias,

239 1119 436 1173 deinde
476 1119 530 1172 in
569 1120 825 1173 tabellam
868 1120 1147 1187 expandis.
1203 1137 1319 1173 cum
1374 1120 1652 1188 refrixerit,
1708 1141 1829 1176 con·

240 1193 389 1247 cidis.
434 1194 585 1261 quasi
626 1193 695 1246 ad
738 1193 921 1246 dulcia
963 1199 1015 1246 et
1053 1193 1205 1261 frigis
1244 1194 1299 1246 in
1342 1195 1460 1248 oleo
1503 1195 1718 1263 optimc.
1757 1197 1830 1250 le-

237 1285 350 1335 vaS,
391 1267 671 1335 perfundis
711 1268 831 1320 mel.
873 1267 1029 1334 piper
1069 1267 1313 1337 aspargis
1367 1274 1419 1321 et
1456 1268 1667 1322 inferes.
1723 1287 1829 1322 me-

238 1341 339 1395 lius
379 1341 590 1406 feceriS‚
633 1341 677 1394 si
716 1342 803 1394 lac
845 1358 940 1410 pro
982 1358 1123 1407 aqua
1163 1341 1384 1394 miseris.

353 1417 476 1468 306.
539 1414 1005 1482 Tripatinam:
1037 1414 1274 1485 accipies
1308 1416 1409 1481 lac,
1452 1415 1709 1470 adversus
1737 1435 1828 1488 pa-

238 1489 404 1542 tinam
445 1488 769 1555 aestimabiS,
811 1489 1135 1556 temperabis
1175 1489 1259 1542 lac
1302 1506 1417 1541 cum
1469 1491 1627 1544 melle
1681 1492 1831 1558 quasi

1083 1640 1177 1679 tem
1210 1636 1342 1692 quasi
1370 1637 1681 1693 coagulatam,
1714 1651 1831 1695 quae

1082 1695 1218 1739 nobis
1277 1696 1446 1740 dicitur
1491 1696 1612 1748 klos,
1671 1697 1828 1743 facies.

1083 1758 1264 1798 coctum
1306 1755 1488 1811 aliquot
1531 1757 1630 1800 ovis
1678 1758 1830 1802 crudis

1080 1812 1372 1869 perfunditur
1404 1815 1561 1871 sicque
1579 1816 1827 1860 inauratur.

1082 1898 1130 1901 —-
1156 1886 1241 1927 pro
1275 1887 1395 1917 cum
1425 1874 1580 1918 malim
1614 1880 1726 1919 tum
1755 1876 1829 1920 vel

1082 1937 1328 1984 coctum,
1348 1958 1394 1962 —-
1420 1934 1596 1978 melle
1628 1935 1672 1978 in
1703 1935 1830 1991 quin

327 1636 388 1680 ad
420 1636 523 1680 303.
556 1635 719 1680 similis
742 1640 813 1679 est
830 1636 992 1691 patina

240 1696 325 1739 122
358 1700 406 1740 et
440 1696 538 1739 136.
588 1695 793 1739 dulcia
824 1696 990 1750 pipe-

237 1759 381 1799 rata.
430 1755 552 1799 mit.
600 1754 736 1798 codd.
789 1756 990 1811 corrige-

237 1814 344 1858 bam
408 1814 638 1858 dulcia:
708 1814 989 1869 piperato

236 1874 439 1917 mittis
486 1873 594 1918 mel
642 1878 693 1916 ut
747 1872 881 1916 dulce
929 1873 990 1916 sit

236 1932 338 1980 141,
399 1938 447 1977 et
504 1946 559 1977 ex
617 1932 779 1976 eadem
828 1932 989 1987 patina

237 1991 464 2035 dulcia:
498 1993 837 2047 piperatum
871 1992 992 2035 mit-

235 2051 319 2094 tis
361 2051 462 2095 scil.
494 2051 540 2093 in
572 2051 791 2106 patinam.
818 2051 993 2106 '„pipe-

236 2113 413 2154 rat-um“
446 2114 517 2154 est
548 2111 683 2165 piper
715 2123 816 2153 cum
849 2110 993 2166 liqua-

238 2169 359 2213 mine
407 2169 566 2212 tritum
615 2169 686 2212 80.
726 2169 796 2212 96.
846 2169 992 2224 piper,

237 2232 358 2279 ruta,
391 2241 564 2271 merum
598 2228 696 2271 295.
744 2233 791 2271 et
823 2227 992 2282 pipe-

236 2287 322 2330 ris
356 2291 549 2330 ratam
581 2301 648 2330 m.
682 2287 708 2329 i.
746 2300 782 2330 e.
817 2287 993 2340 portio-

236 2359 340 2390 nem
385 2346 758 2396 determinatam,
801 2342 993 2397 firmam,

235 2408 426 2455 certam,
460 2406 818 2460 contingentem.
860 2419 901 2447 m
918 2405 966 2448 is
978 2431 993 2436 —

236 2476 333 2507 ces
382 2476 498 2507 corr.
547 2477 632 2519 pro
686 2477 886 2508 nuces.
938 2489 991 2495 -—

237 2526 348 2577 post
384 2522 611 2574 „adicies“
656 2523 884 2578 quaedam
917 2536 990 2566 ex-

235 2581 447 2625 ciderunt
461 2594 579 2636 quae
592 2582 812 2636 suppleas
823 2595 878 2625 ex
889 2581 991 2626 304.

323 2640 384 2683 ad
402 2640 504 2683 304.
539 2644 792 2683 tractam
824 2641 989 2684 misces

236 2698 305 2742 illi
363 2711 545 2742 massae
592 2699 746 2742 tritae.
792 2725 845 2731 -
897 2712 989 2743 co-

235 2771 343 2814 ges
377 2771 492 2802 corr.
527 2771 612 2812 pro
647 2771 879 2813 coques.
914 2771 989 2801 ex-

234 2817 386 2871 plico:
419 2830 477 2861 ex
498 2816 580 2859 illa
599 2829 756 2860 massa
780 2816 990 2860 conferta

237 2876 408 2932 deputa
450 2876 695 2934 coagulum
735 2876 763 2920 i.
806 2890 843 2919 e.
887 2876 988 2932 pul—

1086 2003 1173 2046 que
1206 1991 1352 2036 deest.

1173 2050 1235 2094 ad
1267 2051 1367 2094 305.
1417 2051 1469 2094 in
1503 2064 1706 2107 aquam
1741 2066 1831 2096 ca-

1085 2108 1260 2152 lidam
1304 2109 1438 2153 codd.
1484 2123 1597 2154 corr.
1642 2126 1698 2156 ex
1729 2112 1829 2154 427.

1085 2193 1138 2198 —-
1171 2168 1491 2212 durissima
1522 2171 1693 2225 pulte
1725 2171 1831 2215 libri

1083 2232 1269 2282 praeter
1312 2228 1382 2271 ed.
1427 2241 1494 2283 pr.
1529 2233 1575 2272 et
1607 2230 1740 2273 Hum.
1775 2255 1829 2261 —

1084 2286 1381 2330 tabellam
1416 2300 1472 2331 ex
1503 2287 1573 2330 41.
1596 2289 1692 2332 169.
1714 2302 1827 2333 corr.

1084 2358 1169 2400 pro
1202 2345 1511 2401 patellam.
1547 2371 1597 2375 —--
1635 2348 1830 2392 conci-

1086 2404 1178 2447 dis
1211 2405 1386 2459 pultem
1420 2405 1653 2458 siccatam,
1688 2408 1830 2451 disse-

1085 2462 1212 2507 cabis
1245 2464 1290 2507 in
1322 2464 1527 2508 bucellas
1565 2466 1661 2510 sive
1695 2467 1829 2510 offas.

1084 2547 1137 2551 -
1171 2522 1243 2565 ad
1274 2536 1331 2567 ex
1361 2523 1460 2567 306.
1489 2523 1587 2568 185.
1618 2525 1714 2568 186.
1748 2525 1829 2568 ad-

1082 2581 1180 2624 ieci.
1205 2607 1257 2612 —
1287 2595 1388 2637 pro
1417 2595 1622 2638 aquam
1651 2588 1692 2635 β.
1727 2597 1829 2639 per

1081 2653 1287 2696 aquam
1322 2641 1391 2684 ed.
1426 2654 1492 2695 pr.

1170 2700 1231 2743 ad
1263 2700 1365 2744 306.
1430 2700 1826 2755 tiropatinam

1079 2757 1343 2813 placentam
1389 2760 1433 2802 in
1475 2760 1660 2803 modum
1704 2761 1827 2804 casei

1081 2831 1106 2861 e
1138 2817 1275 2868 lacte,
1309 2818 1425 2868 ovis,
1466 2818 1602 2862 melle
1644 2817 1825 2862 confec-

1081 2881 1175 2919 tam
1193 2877 1566 2932 interpretantur.
1601 2882 1651 2920 at
1672 2877 1825 2933 legen--
