<?xml version="1.0" encoding="UTF-8"?>
<!DOCTYPE html PUBLIC "-//W3C//DTD XHTML 1.0 Transitional//EN"
    "http://www.w3.org/TR/xhtml1/DTD/xhtml1-transitional.dtd">
<html xmlns="http://www.w3.org/1999/xhtml" xml:lang="en" lang="en">
 <head>
  <title>
</title>
<meta http-equiv="Content-Type" content="text/html;charset=utf-8" />
  <meta name='ocr-system' content='tesseract 3.04.00' />
  <meta name='ocr-capabilities' content='ocr_page ocr_carea ocr_par ocr_line ocrx_word'/>
</head>
<body>
  <div class='ocr_page' id='page_1' title='image "./derecoquinarilib00apicrich_0134.png"; bbox 0 0 2066 3276; ppageno 0'>
   <div class='ocr_carea' id='block_1_1' title="bbox 309 234 1330 290">
    <p class='ocr_par' dir='ltr' id='par_1_1' title="bbox 309 234 1330 290">
     <span class='ocr_line' id='line_1_1' title="bbox 309 234 1330 290; baseline -0.009 -2"><span class='ocrx_word' id='word_1_1' title='bbox 309 236 413 288; x_wconf 82' lang='lat'>130</span> <span class='ocrx_word' id='word_1_2' title='bbox 814 236 913 280; x_wconf 90' lang='lat' dir='ltr'>Lib.</span> <span class='ocrx_word' id='word_1_3' title='bbox 947 235 1023 279; x_wconf 93' lang='lat' dir='ltr'>VI.</span> <span class='ocrx_word' id='word_1_4' title='bbox 1088 234 1330 290; x_wconf 80' lang='lat' dir='ltr'>&#39;Propetes</span> 
     </span>
    </p>
   </div>
   <div class='ocr_carea' id='block_1_2' title="bbox 306 366 1897 1245">
    <p class='ocr_par' dir='ltr' id='par_1_2' title="bbox 306 366 1892 714">
     <span class='ocr_line' id='line_1_2' title="bbox 307 366 1890 433; baseline 0.001 -15"><span class='ocrx_word' id='word_1_5' title='bbox 307 368 414 419; x_wconf 91' lang='lat' dir='ltr'>lum</span> <span class='ocrx_word' id='word_1_6' title='bbox 456 384 522 420; x_wconf 89' lang='lat' dir='ltr'>ex</span> <span class='ocrx_word' id='word_1_7' title='bbox 561 368 671 419; x_wconf 88' lang='lat' dir='ltr'>iure</span> <span class='ocrx_word' id='word_1_8' title='bbox 727 371 950 432; x_wconf 84' lang='lat' dir='ltr'>coetum,</span> <span class='ocrx_word' id='word_1_9' title='bbox 1006 384 1107 420; x_wconf 85' lang='lat' dir='ltr'>ova</span> <span class='ocrx_word' id='word_1_10' title='bbox 1161 366 1451 433; x_wconf 78' lang='lat' dir='ltr'>confringis</span> <span class='ocrx_word' id='word_1_11' title='bbox 1508 372 1559 418; x_wconf 90' lang='lat' dir='ltr'>et</span> <span class='ocrx_word' id='word_1_12' title='bbox 1612 368 1890 421; x_wconf 83' lang='lat' dir='ltr'>conmiscis</span> 
     </span>
     <span class='ocr_line' id='line_1_3' title="bbox 306 441 1892 508; baseline 0.001 -16"><span class='ocrx_word' id='word_1_13' title='bbox 306 448 359 493; x_wconf 82' lang='lat' dir='ltr'>ut</span> <span class='ocrx_word' id='word_1_14' title='bbox 414 458 572 492; x_wconf 88' lang='lat' dir='ltr'>unum</span> <span class='ocrx_word' id='word_1_15' title='bbox 626 457 818 508; x_wconf 85' lang='lat' dir='ltr'>corpus</span> <span class='ocrx_word' id='word_1_16' title='bbox 873 441 1092 506; x_wconf 77' lang='lat' dir='ltr'>efficiaS‚</span> <span class='ocrx_word' id='word_1_17' title='bbox 1158 441 1444 508; x_wconf 79' lang='lat' dir='ltr'>liquamine</span> <span class='ocrx_word' id='word_1_18' title='bbox 1508 445 1772 507; x_wconf 78' lang='lat' dir='ltr'>temperas</span> <span class='ocrx_word' id='word_1_19' title='bbox 1840 446 1892 493; x_wconf 90' lang='lat' dir='ltr'>et</span> 
     </span>
     <span class='ocr_line' id='line_1_4' title="bbox 308 514 1891 581; baseline -0.001 -15"><span class='ocrx_word' id='word_1_20' title='bbox 308 515 483 566; x_wconf 90' lang='lat' dir='ltr'>oleum</span> <span class='ocrx_word' id='word_1_21' title='bbox 522 514 731 566; x_wconf 88' lang='lat' dir='ltr'>modice</span> <span class='ocrx_word' id='word_1_22' title='bbox 759 514 937 579; x_wconf 78' lang='lat' dir='ltr'>mittis,</span> <span class='ocrx_word' id='word_1_23' title='bbox 978 515 1133 581; x_wconf 85' lang='lat' dir='ltr'>piper</span> <span class='ocrx_word' id='word_1_24' title='bbox 1160 514 1437 580; x_wconf 80' lang='lat' dir='ltr'>integrum,</span> <span class='ocrx_word' id='word_1_25' title='bbox 1480 515 1700 566; x_wconf 84' lang='lat' dir='ltr'>nucleos</span> <span class='ocrx_word' id='word_1_26' title='bbox 1729 515 1891 567; x_wconf 89' lang='lat' dir='ltr'>abun-</span> 
     </span>
     <span class='ocr_line' id='line_1_5' title="bbox 306 587 1891 654; baseline -0.001 -15"><span class='ocrx_word' id='word_1_27' title='bbox 306 588 508 640; x_wconf 86' lang='lat' dir='ltr'>danter.</span> <span class='ocrx_word' id='word_1_28' title='bbox 565 587 650 639; x_wconf 80' lang='lat' dir='ltr'>fac</span> <span class='ocrx_word' id='word_1_29' title='bbox 701 587 755 638; x_wconf 92' lang='lat' dir='ltr'>in</span> <span class='ocrx_word' id='word_1_30' title='bbox 807 604 1031 654; x_wconf 79' lang='lat' dir='ltr'>pensam</span> <span class='ocrx_word' id='word_1_31' title='bbox 1091 592 1142 639; x_wconf 87' lang='lat' dir='ltr'>et</span> <span class='ocrx_word' id='word_1_32' title='bbox 1192 588 1366 654; x_wconf 88' lang='lat' dir='ltr'>inples</span> <span class='ocrx_word' id='word_1_33' title='bbox 1406 587 1605 654; x_wconf 90' lang='lat' dir='ltr'>pullum</span> <span class='ocrx_word' id='word_1_34' title='bbox 1650 588 1732 639; x_wconf 91' lang='lat' dir='ltr'>vel</span> <span class='ocrx_word' id='word_1_35' title='bbox 1773 603 1891 654; x_wconf 89' lang='lat' dir='ltr'>por-</span> 
     </span>
     <span class='ocr_line' id='line_1_6' title="bbox 306 661 697 714; baseline 0 -1"><span class='ocrx_word' id='word_1_36' title='bbox 306 661 512 713; x_wconf 89' lang='lat' dir='ltr'>cellum.</span> <span class='ocrx_word' id='word_1_37' title='bbox 565 701 697 714; x_wconf 91' lang='grc'><strong>.....</strong></span> 
     </span>
    </p>

    <p class='ocr_par' dir='ltr' id='par_1_3' title="bbox 306 732 1895 952">
     <span class='ocr_line' id='line_1_7' title="bbox 418 732 1893 801; baseline -0.001 -15"><span class='ocrx_word' id='word_1_38' title='bbox 418 733 544 792; x_wconf 77' lang='lat'>253.</span> <span class='ocrx_word' id='word_1_39' title='bbox 586 733 823 786; x_wconf 87' lang='lat' dir='ltr'>similiter</span> <span class='ocrx_word' id='word_1_40' title='bbox 862 734 915 784; x_wconf 88' lang='lat' dir='ltr'>in</span> <span class='ocrx_word' id='word_1_41' title='bbox 957 734 1119 801; x_wconf 85' lang='lat' dir='ltr'>capso</span> <span class='ocrx_word' id='word_1_42' title='bbox 1161 733 1346 786; x_wconf 73' lang='lat' dir='ltr'>facies</span> <span class='ocrx_word' id='word_1_43' title='bbox 1393 732 1600 784; x_wconf 86' lang='lat' dir='ltr'>ossibus</span> <span class='ocrx_word' id='word_1_44' title='bbox 1637 732 1893 786; x_wconf 85' lang='lat' dir='ltr'>coniectis</span> 
     </span>
     <span class='ocr_line' id='line_1_8' title="bbox 306 807 1895 876; baseline -0.002 -15"><span class='ocrx_word' id='word_1_45' title='bbox 306 823 502 873; x_wconf 88' lang='lat' dir='ltr'>coques</span> <span class='ocrx_word' id='word_1_46' title='bbox 548 839 609 845; x_wconf 89' lang='lat'><em>-</em></span> <span class='ocrx_word' id='word_1_47' title='bbox 667 807 902 876; x_wconf 74' lang='lat' dir='ltr'>accipies</span> <span class='ocrx_word' id='word_1_48' title='bbox 955 807 1245 876; x_wconf 89' lang='lat' dir='ltr'>palmulum</span> <span class='ocrx_word' id='word_1_49' title='bbox 1298 812 1350 859; x_wconf 91' lang='lat' dir='ltr'>et</span> <span class='ocrx_word' id='word_1_50' title='bbox 1402 822 1593 858; x_wconf 86' lang='lat' dir='ltr'>oneras</span> <span class='ocrx_word' id='word_1_51' title='bbox 1633 810 1689 859; x_wconf 91' lang='lat' dir='ltr'>ut</span> <span class='ocrx_word' id='word_1_52' title='bbox 1730 822 1895 873; x_wconf 91' lang='lat' dir='ltr'>supra</span> 
     </span>
     <span class='ocr_line' id='line_1_9' title="bbox 306 881 1049 952; baseline 0 -19"><span class='ocrx_word' id='word_1_53' title='bbox 306 881 516 952; x_wconf 88' lang='lat' dir='ltr'>operies</span> <span class='ocrx_word' id='word_1_54' title='bbox 555 881 703 932; x_wconf 91' lang='lat' dir='ltr'>illum</span> <span class='ocrx_word' id='word_1_55' title='bbox 741 898 774 933; x_wconf 88' lang='lat' dir='ltr'>a</span> <span class='ocrx_word' id='word_1_56' title='bbox 813 886 1049 951; x_wconf 83' lang='lat' dir='ltr'>pectore.</span> 
     </span>
    </p>

    <p class='ocr_par' dir='ltr' id='par_1_4' title="bbox 306 953 1897 1245">
     <span class='ocr_line' id='line_1_10' title="bbox 418 953 1895 1021; baseline -0.001 -15"><span class='ocrx_word' id='word_1_57' title='bbox 418 955 541 1007; x_wconf 80' lang='lat'>254.</span> <span class='ocrx_word' id='word_1_58' title='bbox 602 955 846 1006; x_wconf 89' lang='lat' dir='ltr'>Pullus</span> <span class='ocrx_word' id='word_1_59' title='bbox 901 955 1297 1007; x_wconf 86' lang='lat' dir='ltr'>eleozomus</span> <span class='ocrx_word' id='word_1_60' title='bbox 1337 953 1567 1021; x_wconf 85' lang='lat' dir='ltr'>accipiat</span> <span class='ocrx_word' id='word_1_61' title='bbox 1605 969 1798 1019; x_wconf 85' lang='lat' dir='ltr'>aquam</span> <span class='ocrx_word' id='word_1_62' title='bbox 1843 957 1895 1005; x_wconf 83' lang='lat' dir='ltr'>et</span> 
     </span>
     <span class='ocr_line' id='line_1_11' title="bbox 307 1027 1894 1095; baseline -0.002 -15"><span class='ocrx_word' id='word_1_63' title='bbox 307 1028 479 1082; x_wconf 89' lang='lat' dir='ltr'>oleum</span> <span class='ocrx_word' id='word_1_64' title='bbox 528 1043 751 1095; x_wconf 90' lang='lat' dir='ltr'>spanum</span> <span class='ocrx_word' id='word_1_65' title='bbox 805 1027 1099 1081; x_wconf 86' lang='lat' dir='ltr'>abundans.</span> <span class='ocrx_word' id='word_1_66' title='bbox 1138 1027 1390 1094; x_wconf 12' lang='lat' dir='ltr'>&gt;agitatur</span> <span class='ocrx_word' id='word_1_67' title='bbox 1442 1032 1498 1078; x_wconf 87' lang='lat' dir='ltr'>ut</span> <span class='ocrx_word' id='word_1_68' title='bbox 1550 1043 1617 1080; x_wconf 89' lang='lat' dir='ltr'>ex</span> <span class='ocrx_word' id='word_1_69' title='bbox 1672 1043 1729 1078; x_wconf 91' lang='lat' dir='ltr'>se</span> <span class='ocrx_word' id='word_1_70' title='bbox 1786 1043 1894 1078; x_wconf 92' lang='lat' dir='ltr'>am-</span> 
     </span>
     <span class='ocr_line' id='line_1_12' title="bbox 307 1098 1893 1169; baseline -0.002 -14"><span class='ocrx_word' id='word_1_71' title='bbox 307 1102 451 1155; x_wconf 90' lang='lat' dir='ltr'>bulet</span> <span class='ocrx_word' id='word_1_72' title='bbox 503 1107 555 1154; x_wconf 90' lang='lat' dir='ltr'>et</span> <span class='ocrx_word' id='word_1_73' title='bbox 594 1118 830 1155; x_wconf 88' lang='lat' dir='ltr'>umorem</span> <span class='ocrx_word' id='word_1_74' title='bbox 860 1106 1150 1155; x_wconf 83' lang='lat' dir='ltr'>consumat.</span> <span class='ocrx_word' id='word_1_75' title='bbox 1193 1106 1382 1169; x_wconf 85' lang='lat' dir='ltr'>postea</span> <span class='ocrx_word' id='word_1_76' title='bbox 1411 1117 1527 1153; x_wconf 90' lang='lat' dir='ltr'>cum</span> <span class='ocrx_word' id='word_1_77' title='bbox 1569 1105 1751 1153; x_wconf 84' lang='lat' dir='ltr'>coctus</span> <span class='ocrx_word' id='word_1_78' title='bbox 1782 1098 1893 1152; x_wconf 89' lang='lat' dir='ltr'>fue-</span> 
     </span>
     <span class='ocr_line' id='line_1_13' title="bbox 306 1173 1897 1245; baseline -0.002 -18"><span class='ocrx_word' id='word_1_79' title='bbox 306 1176 386 1243; x_wconf 81' lang='lat' dir='ltr'>rit,</span> <span class='ocrx_word' id='word_1_80' title='bbox 429 1175 785 1245; x_wconf 85' lang='lat' dir='ltr'>quodcunque</span> <span class='ocrx_word' id='word_1_81' title='bbox 824 1192 982 1243; x_wconf 86' lang='lat' dir='ltr'>porro</span> <span class='ocrx_word' id='word_1_82' title='bbox 1023 1175 1337 1229; x_wconf 84' lang='lat' dir='ltr'>remanserit</span> <span class='ocrx_word' id='word_1_83' title='bbox 1375 1174 1500 1226; x_wconf 91' lang='lat' dir='ltr'>inde</span> <span class='ocrx_word' id='word_1_84' title='bbox 1528 1174 1694 1226; x_wconf 79' lang='lat' dir='ltr'>lavas,</span> <span class='ocrx_word' id='word_1_85' title='bbox 1739 1173 1897 1241; x_wconf 86' lang='lat' dir='ltr'>piper</span> 
     </span>
    </p>
   </div>
   <div class='ocr_carea' id='block_1_3' title="bbox 307 1249 895 1318">
    <p class='ocr_par' dir='ltr' id='par_1_5' title="bbox 307 1249 895 1318">
     <span class='ocr_line' id='line_1_14' title="bbox 307 1249 895 1318; baseline 0 -16"><span class='ocrx_word' id='word_1_86' title='bbox 307 1249 553 1318; x_wconf 80' lang='lat' dir='ltr'>aspargis</span> <span class='ocrx_word' id='word_1_87' title='bbox 595 1254 646 1302; x_wconf 91' lang='lat' dir='ltr'>et</span> <span class='ocrx_word' id='word_1_88' title='bbox 683 1249 895 1303; x_wconf 65' lang='lat' dir='ltr'>inferes</span> 
     </span>
    </p>
   </div>
   <div class='ocr_carea' id='block_1_4' title="bbox 307 1381 1063 2906">
    <p class='ocr_par' dir='ltr' id='par_1_6' title="bbox 307 1381 1063 2906">
     <span class='ocr_line' id='line_1_15' title="bbox 307 1381 1050 1439; baseline -0.001 -13"><span class='ocrx_word' id='word_1_89' title='bbox 307 1382 495 1439; x_wconf 88' lang='lat' dir='ltr'>ilique</span> <span class='ocrx_word' id='word_1_90' title='bbox 528 1381 831 1425; x_wconf 78' lang='lat' dir='ltr'>cuminatfi</span> <span class='ocrx_word' id='word_1_91' title='bbox 866 1394 893 1425; x_wconf 89' lang='lat' dir='ltr'>a</span> <span class='ocrx_word' id='word_1_92' title='bbox 926 1395 1050 1427; x_wconf 87' lang='lat' dir='ltr'>eer-</span> 
     </span>
     <span class='ocr_line' id='line_1_16' title="bbox 310 1440 1053 1497; baseline -0.003 -12"><span class='ocrx_word' id='word_1_93' title='bbox 310 1442 439 1486; x_wconf 83' lang='lat' dir='ltr'>viee</span> <span class='ocrx_word' id='word_1_94' title='bbox 472 1454 594 1497; x_wconf 89' lang='lat' dir='ltr'>exp.</span> <span class='ocrx_word' id='word_1_95' title='bbox 641 1440 743 1485; x_wconf 90' lang='lat' dir='ltr'>eod.</span> <span class='ocrx_word' id='word_1_96' title='bbox 789 1457 826 1495; x_wconf 81' lang='grc' dir='ltr'>γ.</span> <span class='ocrx_word' id='word_1_97' title='bbox 870 1441 961 1486; x_wconf 87' lang='lat' dir='ltr'>sie</span> <span class='ocrx_word' id='word_1_98' title='bbox 993 1445 1053 1484; x_wconf 85' lang='lat' dir='ltr'>ut</span> 
     </span>
     <span class='ocr_line' id='line_1_17' title="bbox 310 1500 1053 1557; baseline -0.001 -13"><span class='ocrx_word' id='word_1_99' title='bbox 310 1501 551 1557; x_wconf 85' lang='lat' dir='ltr'>aliquae</span> <span class='ocrx_word' id='word_1_100' title='bbox 585 1500 884 1544; x_wconf 78' lang='lat' dir='ltr'>euminatfi</span> <span class='ocrx_word' id='word_1_101' title='bbox 917 1500 1053 1544; x_wconf 86' lang='lat' dir='ltr'>omis·</span> 
     </span>
     <span class='ocr_line' id='line_1_18' title="bbox 309 1558 1050 1616; baseline -0.005 -12"><span class='ocrx_word' id='word_1_102' title='bbox 309 1574 361 1604; x_wconf 88' lang='lat' dir='ltr'>so</span> <span class='ocrx_word' id='word_1_103' title='bbox 394 1574 423 1616; x_wconf 90' lang='lat' dir='ltr'>p</span> <span class='ocrx_word' id='word_1_104' title='bbox 439 1559 626 1611; x_wconf 87' lang='lat' dir='ltr'>ullum,</span> <span class='ocrx_word' id='word_1_105' title='bbox 661 1558 786 1615; x_wconf 91' lang='lat' dir='ltr'>quod</span> <span class='ocrx_word' id='word_1_106' title='bbox 804 1563 852 1603; x_wconf 86' lang='lat' dir='ltr'>et</span> <span class='ocrx_word' id='word_1_107' title='bbox 868 1559 912 1602; x_wconf 91' lang='lat' dir='ltr'>in</span> <span class='ocrx_word' id='word_1_108' title='bbox 930 1559 1050 1604; x_wconf 88' lang='lat' dir='ltr'>florr.</span> 
     </span>
     <span class='ocr_line' id='line_1_19' title="bbox 309 1618 1053 1674; baseline -0.003 -11"><span class='ocrx_word' id='word_1_109' title='bbox 309 1619 454 1663; x_wconf 84' lang='lat' dir='ltr'>deest.</span> <span class='ocrx_word' id='word_1_110' title='bbox 472 1618 572 1662; x_wconf 86' lang='lat' dir='ltr'>cod.</span> <span class='ocrx_word' id='word_1_111' title='bbox 608 1631 705 1674; x_wconf 88' lang='lat' dir='ltr'>par.</span> <span class='ocrx_word' id='word_1_112' title='bbox 739 1618 826 1662; x_wconf 83' lang='lat' dir='ltr'>sie</span> <span class='ocrx_word' id='word_1_113' title='bbox 859 1624 919 1662; x_wconf 86' lang='lat' dir='ltr'>ut</span> <span class='ocrx_word' id='word_1_114' title='bbox 951 1618 1053 1662; x_wconf 89' lang='lat' dir='ltr'>ali-</span> 
     </span>
     <span class='ocr_line' id='line_1_20' title="bbox 312 1677 1052 1734; baseline -0.004 -12"><span class='ocrx_word' id='word_1_115' title='bbox 312 1691 420 1734; x_wconf 89' lang='lat' dir='ltr'>que</span> <span class='ocrx_word' id='word_1_116' title='bbox 473 1677 723 1733; x_wconf 86' lang='lat' dir='ltr'>(aliquor</span> <span class='ocrx_word' id='word_1_117' title='bbox 779 1690 867 1721; x_wconf 86' lang='lat' dir='ltr'>see.</span> <span class='ocrx_word' id='word_1_118' title='bbox 918 1678 1052 1729; x_wconf 86' lang='lat' dir='ltr'>man.)</span> 
     </span>
     <span class='ocr_line' id='line_1_21' title="bbox 312 1735 1056 1784; baseline -0.004 -2"><span class='ocrx_word' id='word_1_119' title='bbox 312 1735 497 1782; x_wconf 73' lang='lat' dir='ltr'>cinam</span> <span class='ocrx_word' id='word_1_120' title='bbox 539 1736 613 1779; x_wconf 72' lang='lat' dir='ltr'>tsi.</span> <span class='ocrx_word' id='word_1_121' title='bbox 658 1735 707 1784; x_wconf 78' lang='grc' dir='ltr'>δζ</span> <span class='ocrx_word' id='word_1_122' title='bbox 744 1736 904 1779; x_wconf 84' lang='lat' dir='ltr'>sicut</span> <span class='ocrx_word' id='word_1_123' title='bbox 943 1735 1056 1779; x_wconf 88' lang='lat' dir='ltr'>ali-</span> 
     </span>
     <span class='ocr_line' id='line_1_22' title="bbox 312 1794 1057 1853; baseline -0.004 -12"><span class='ocrx_word' id='word_1_124' title='bbox 312 1808 458 1853; x_wconf 85' lang='lat' dir='ltr'>quae</span> <span class='ocrx_word' id='word_1_125' title='bbox 481 1795 879 1839; x_wconf 85' lang='lat' dir='ltr'>euminatuma</span> <span class='ocrx_word' id='word_1_126' title='bbox 903 1794 1057 1839; x_wconf 90' lang='lat' dir='ltr'>cervi</span> 
     </span>
     <span class='ocr_line' id='line_1_23' title="bbox 311 1855 1057 1910; baseline -0.004 -11"><span class='ocrx_word' id='word_1_127' title='bbox 311 1860 369 1899; x_wconf 84' lang='lat' dir='ltr'>et</span> <span class='ocrx_word' id='word_1_128' title='bbox 401 1867 522 1910; x_wconf 86' lang='lat' dir='ltr'>exp.</span> <span class='ocrx_word' id='word_1_129' title='bbox 559 1855 780 1910; x_wconf 86' lang='lat' dir='ltr'>(acervi</span> <span class='ocrx_word' id='word_1_130' title='bbox 821 1859 877 1898; x_wconf 86' lang='lat' dir='ltr'>et</span> <span class='ocrx_word' id='word_1_131' title='bbox 917 1855 1057 1898; x_wconf 85' lang='lat' dir='ltr'>etiam</span> 
     </span>
     <span class='ocr_line' id='line_1_24' title="bbox 311 1913 1053 1969; baseline -0.001 -12"><span class='ocrx_word' id='word_1_132' title='bbox 311 1915 356 1957; x_wconf 91' lang='lat' dir='ltr'>in</span> <span class='ocrx_word' id='word_1_133' title='bbox 385 1931 420 1969; x_wconf 82' lang='grc' dir='ltr'>γ.</span> <span class='ocrx_word' id='word_1_134' title='bbox 456 1919 503 1957; x_wconf 87' lang='lat' dir='ltr'>et</span> <span class='ocrx_word' id='word_1_135' title='bbox 535 1927 618 1969; x_wconf 90' lang='lat' dir='ltr'>pro</span> <span class='ocrx_word' id='word_1_136' title='bbox 663 1914 807 1966; x_wconf 86' lang='lat' dir='ltr'>„sicut</span> <span class='ocrx_word' id='word_1_137' title='bbox 844 1913 1053 1968; x_wconf 81' lang='lat' dir='ltr'>aliquae“</span> 
     </span>
     <span class='ocr_line' id='line_1_25' title="bbox 311 1972 1058 2027; baseline -0.003 -11"><span class='ocrx_word' id='word_1_138' title='bbox 311 1973 476 2016; x_wconf 81' lang='lat' dir='ltr'>lacuna</span> <span class='ocrx_word' id='word_1_139' title='bbox 507 1973 551 2015; x_wconf 92' lang='lat' dir='ltr'>in</span> <span class='ocrx_word' id='word_1_140' title='bbox 586 1973 658 2026; x_wconf 72' lang='grc' dir='ltr'>θκ)</span> <span class='ocrx_word' id='word_1_141' title='bbox 692 1972 766 2017; x_wconf 89' lang='lat' dir='ltr'>ed.</span> <span class='ocrx_word' id='word_1_142' title='bbox 798 1986 865 2027; x_wconf 89' lang='lat' dir='ltr'>pr.</span> <span class='ocrx_word' id='word_1_143' title='bbox 899 1973 1058 2015; x_wconf 87' lang='lat' dir='ltr'>sieut</span> 
     </span>
     <span class='ocr_line' id='line_1_26' title="bbox 312 2032 1058 2088; baseline -0.003 -13"><span class='ocrx_word' id='word_1_144' title='bbox 312 2032 516 2088; x_wconf 86' lang='lat' dir='ltr'>alique</span> <span class='ocrx_word' id='word_1_145' title='bbox 606 2032 953 2074; x_wconf 74' lang='lat' dir='ltr'>eliminatum</span> <span class='ocrx_word' id='word_1_146' title='bbox 1031 2043 1058 2073; x_wconf 91' lang='lat' dir='ltr'>a</span> 
     </span>
     <span class='ocr_line' id='line_1_27' title="bbox 312 2089 1062 2146; baseline -0.004 -11"><span class='ocrx_word' id='word_1_147' title='bbox 312 2091 544 2135; x_wconf 78' lang='lat' dir='ltr'>cervice</span> <span class='ocrx_word' id='word_1_148' title='bbox 593 2103 695 2146; x_wconf 86' lang='lat' dir='ltr'>exp.</span> <span class='ocrx_word' id='word_1_149' title='bbox 753 2089 874 2134; x_wconf 86' lang='lat' dir='ltr'>forte</span> <span class='ocrx_word' id='word_1_150' title='bbox 930 2089 1062 2133; x_wconf 87' lang='lat' dir='ltr'>malis</span> 
     </span>
     <span class='ocr_line' id='line_1_28' title="bbox 312 2149 1062 2200; baseline -0.004 -6"><span class='ocrx_word' id='word_1_151' title='bbox 312 2150 645 2195; x_wconf 84' lang='lat' dir='ltr'>carinatum</span> <span class='ocrx_word' id='word_1_152' title='bbox 709 2150 936 2200; x_wconf 86' lang='lat' dir='ltr'>carinam,</span> <span class='ocrx_word' id='word_1_153' title='bbox 998 2149 1062 2192; x_wconf 88' lang='lat' dir='ltr'>al-</span> 
     </span>
     <span class='ocr_line' id='line_1_29' title="bbox 311 2208 1059 2263; baseline -0.005 -10"><span class='ocrx_word' id='word_1_154' title='bbox 311 2223 458 2253; x_wconf 88' lang='lat' dir='ltr'>veum.</span> <span class='ocrx_word' id='word_1_155' title='bbox 496 2234 547 2238; x_wconf 93' lang='lat'>——</span> <span class='ocrx_word' id='word_1_156' title='bbox 593 2221 621 2251; x_wconf 87' lang='lat' dir='ltr'>a</span> <span class='ocrx_word' id='word_1_157' title='bbox 664 2208 899 2252; x_wconf 84' lang='lat' dir='ltr'>cervice</span> <span class='ocrx_word' id='word_1_158' title='bbox 940 2221 1059 2263; x_wconf 87' lang='lat' dir='ltr'>exp.</span> 
     </span>
     <span class='ocr_line' id='line_1_30' title="bbox 311 2268 1063 2325; baseline -0.004 -13"><span class='ocrx_word' id='word_1_159' title='bbox 311 2281 339 2312; x_wconf 86' lang='lat' dir='ltr'>a</span> <span class='ocrx_word' id='word_1_160' title='bbox 369 2268 494 2325; x_wconf 84' lang='lat' dir='ltr'>gula,</span> <span class='ocrx_word' id='word_1_161' title='bbox 527 2280 555 2310; x_wconf 88' lang='lat' dir='ltr'>a</span> <span class='ocrx_word' id='word_1_162' title='bbox 586 2272 774 2323; x_wconf 84' lang='lat' dir='ltr'>gutture</span> <span class='ocrx_word' id='word_1_163' title='bbox 803 2268 982 2322; x_wconf 84' lang='lat' dir='ltr'>aperies</span> <span class='ocrx_word' id='word_1_164' title='bbox 1016 2271 1063 2310; x_wconf 86' lang='lat' dir='ltr'>et</span> 
     </span>
     <span class='ocr_line' id='line_1_31' title="bbox 313 2326 1062 2372; baseline -0.004 -1"><span class='ocrx_word' id='word_1_165' title='bbox 313 2327 604 2372; x_wconf 85' lang='lat' dir='ltr'>exenterabis</span> <span class='ocrx_word' id='word_1_166' title='bbox 623 2328 722 2370; x_wconf 79' lang='lat'>372.</span> <span class='ocrx_word' id='word_1_167' title='bbox 753 2326 814 2369; x_wconf 88' lang='lat' dir='ltr'>ad</span> <span class='ocrx_word' id='word_1_168' title='bbox 848 2327 946 2370; x_wconf 79' lang='lat'>236.</span> <span class='ocrx_word' id='word_1_169' title='bbox 969 2339 1062 2370; x_wconf 90' lang='lat' dir='ltr'>eer-</span> 
     </span>
     <span class='ocr_line' id='line_1_32' title="bbox 312 2386 1062 2440; baseline -0.004 -10"><span class='ocrx_word' id='word_1_170' title='bbox 312 2388 390 2431; x_wconf 88' lang='lat' dir='ltr'>vix</span> <span class='ocrx_word' id='word_1_171' title='bbox 421 2387 566 2430; x_wconf 86' lang='lat' dir='ltr'>rarius</span> <span class='ocrx_word' id='word_1_172' title='bbox 606 2390 678 2430; x_wconf 86' lang='lat' dir='ltr'>est</span> <span class='ocrx_word' id='word_1_173' title='bbox 709 2386 914 2429; x_wconf 83' lang='lat' dir='ltr'>anterior</span> <span class='ocrx_word' id='word_1_174' title='bbox 954 2397 1062 2440; x_wconf 86' lang='lat' dir='ltr'>pars</span> 
     </span>
     <span class='ocr_line' id='line_1_33' title="bbox 314 2445 1063 2500; baseline -0.005 -9"><span class='ocrx_word' id='word_1_175' title='bbox 314 2446 436 2491; x_wconf 82' lang='lat' dir='ltr'>colli.</span> <span class='ocrx_word' id='word_1_176' title='bbox 484 2471 534 2474; x_wconf 97' lang='lat'><strong>—</strong></span> <span class='ocrx_word' id='word_1_177' title='bbox 591 2445 851 2500; x_wconf 84' lang='lat' dir='ltr'>aliquam</span> <span class='ocrx_word' id='word_1_178' title='bbox 905 2457 1063 2488; x_wconf 89' lang='lat' dir='ltr'>omnes</span> 
     </span>
     <span class='ocr_line' id='line_1_34' title="bbox 310 2503 1061 2562; baseline -0.004 -13"><span class='ocrx_word' id='word_1_179' title='bbox 310 2508 495 2562; x_wconf 86' lang='lat' dir='ltr'>praeter</span> <span class='ocrx_word' id='word_1_180' title='bbox 526 2516 622 2558; x_wconf 89' lang='lat' dir='ltr'>par.</span> <span class='ocrx_word' id='word_1_181' title='bbox 659 2505 758 2548; x_wconf 80' lang='lat'>208.</span> <span class='ocrx_word' id='word_1_182' title='bbox 793 2503 953 2548; x_wconf 85' lang='lat' dir='ltr'>similis</span> <span class='ocrx_word' id='word_1_183' title='bbox 980 2503 1061 2546; x_wconf 85' lang='lat' dir='ltr'>im-</span> 
     </span>
     <span class='ocr_line' id='line_1_35' title="bbox 312 2563 1061 2621; baseline -0.004 -12"><span class='ocrx_word' id='word_1_184' title='bbox 312 2576 456 2621; x_wconf 86' lang='lat' dir='ltr'>pensa</span> <span class='ocrx_word' id='word_1_185' title='bbox 488 2564 586 2606; x_wconf 77' lang='lat'>289.</span> <span class='ocrx_word' id='word_1_186' title='bbox 613 2589 664 2592; x_wconf 31' lang='grc' dir='ltr'>κ-</span> <span class='ocrx_word' id='word_1_187' title='bbox 698 2577 762 2607; x_wconf 89' lang='lat' dir='ltr'>ex</span> <span class='ocrx_word' id='word_1_188' title='bbox 793 2563 922 2606; x_wconf 89' lang='lat' dir='ltr'>iure</span> <span class='ocrx_word' id='word_1_189' title='bbox 942 2563 1061 2606; x_wconf 86' lang='lat' dir='ltr'>iuste</span> 
     </span>
     <span class='ocr_line' id='line_1_36' title="bbox 316 2622 1061 2678; baseline -0.004 -11"><span class='ocrx_word' id='word_1_190' title='bbox 316 2625 414 2667; x_wconf 86' lang='lat'>181.</span> <span class='ocrx_word' id='word_1_191' title='bbox 447 2622 617 2678; x_wconf 87' lang='lat' dir='ltr'>piper</span> <span class='ocrx_word' id='word_1_192' title='bbox 649 2622 749 2664; x_wconf 87' lang='lat' dir='ltr'>int.</span> <span class='ocrx_word' id='word_1_193' title='bbox 794 2623 1061 2677; x_wconf 88' lang='lat' dir='ltr'>interpones</span> 
     </span>
     <span class='ocr_line' id='line_1_37' title="bbox 317 2681 1061 2725; baseline -0.005 1"><span class='ocrx_word' id='word_1_194' title='bbox 317 2707 365 2712; x_wconf 51' lang='grc'>«-</span> <span class='ocrx_word' id='word_1_195' title='bbox 416 2681 796 2725; x_wconf 81' lang='lat' dir='ltr'>abundantes</span> <span class='ocrx_word' id='word_1_196' title='bbox 849 2681 947 2723; x_wconf 77' lang='grc'>254.</span> <span class='ocrx_word' id='word_1_197' title='bbox 1007 2705 1061 2710; x_wconf 88' lang='lat'>—-</span> 
     </span>
     <span class='ocr_line' id='line_1_38' title="bbox 314 2741 1063 2797; baseline -0.004 -12"><span class='ocrx_word' id='word_1_198' title='bbox 314 2742 358 2785; x_wconf 93' lang='lat' dir='ltr'>in</span> <span class='ocrx_word' id='word_1_199' title='bbox 392 2752 630 2797; x_wconf 86' lang='lat' dir='ltr'>pensam</span> <span class='ocrx_word' id='word_1_200' title='bbox 668 2741 763 2784; x_wconf 82' lang='lat'>159.</span> <span class='ocrx_word' id='word_1_201' title='bbox 787 2744 896 2795; x_wconf 85' lang='lat' dir='ltr'>post</span> <span class='ocrx_word' id='word_1_202' title='bbox 933 2752 1063 2794; x_wconf 82' lang='lat' dir='ltr'>„por-</span> 
     </span>
     <span class='ocr_line' id='line_1_39' title="bbox 315 2798 1063 2845; baseline -0.004 -1"><span class='ocrx_word' id='word_1_203' title='bbox 315 2800 506 2845; x_wconf 82' lang='lat' dir='ltr'>cellum“</span> <span class='ocrx_word' id='word_1_204' title='bbox 558 2799 687 2844; x_wconf 84' lang='lat' dir='ltr'>loeus</span> <span class='ocrx_word' id='word_1_205' title='bbox 735 2799 920 2844; x_wconf 85' lang='lat' dir='ltr'>videtur</span> <span class='ocrx_word' id='word_1_206' title='bbox 970 2798 1063 2842; x_wconf 89' lang='lat' dir='ltr'>illis</span> 
     </span>
     <span class='ocr_line' id='line_1_40' title="bbox 314 2860 602 2906; baseline -0.014 -1"><span class='ocrx_word' id='word_1_207' title='bbox 314 2861 469 2906; x_wconf 87' lang='lat' dir='ltr'>verbis</span> <span class='ocrx_word' id='word_1_208' title='bbox 503 2860 602 2903; x_wconf 76' lang='lat'>248.</span> 
     </span>
    </p>
   </div>
   <div class='ocr_carea' id='block_1_5' title="bbox 1234 1380 1896 1434">
    <p class='ocr_par' dir='ltr' id='par_1_7' title="bbox 1234 1380 1896 1434">
     <span class='ocr_line' id='line_1_41' title="bbox 1234 1380 1896 1434; baseline -0.003 -11"><span class='ocrx_word' id='word_1_209' title='bbox 1234 1380 1294 1423; x_wconf 84' lang='lat' dir='ltr'>ad</span> <span class='ocrx_word' id='word_1_210' title='bbox 1312 1380 1410 1423; x_wconf 80' lang='lat'>253.</span> <span class='ocrx_word' id='word_1_211' title='bbox 1466 1391 1637 1423; x_wconf 86' lang='lat' dir='ltr'>casso</span> <span class='ocrx_word' id='word_1_212' title='bbox 1670 1390 1770 1434; x_wconf 87' lang='lat' dir='ltr'>par.</span> <span class='ocrx_word' id='word_1_213' title='bbox 1806 1389 1896 1422; x_wconf 88' lang='lat' dir='ltr'>ca-</span> 
     </span>
    </p>
   </div>
   <div class='ocr_carea' id='block_1_6' title="bbox 1143 1436 1898 1495">
    <p class='ocr_par' dir='ltr' id='par_1_8' title="bbox 1143 1436 1898 1495">
     <span class='ocr_line' id='line_1_42' title="bbox 1143 1436 1898 1495; baseline -0.003 -12"><span class='ocrx_word' id='word_1_214' title='bbox 1143 1452 1215 1495; x_wconf 89' lang='lat' dir='ltr'>po</span> <span class='ocrx_word' id='word_1_215' title='bbox 1249 1439 1319 1483; x_wconf 92' lang='lat' dir='ltr'>ed.</span> <span class='ocrx_word' id='word_1_216' title='bbox 1354 1452 1419 1494; x_wconf 86' lang='lat' dir='ltr'>pr.</span> <span class='ocrx_word' id='word_1_217' title='bbox 1454 1438 1510 1482; x_wconf 89' lang='lat' dir='ltr'>H.</span> <span class='ocrx_word' id='word_1_218' title='bbox 1531 1450 1697 1493; x_wconf 87' lang='lat' dir='ltr'>capsus</span> <span class='ocrx_word' id='word_1_219' title='bbox 1730 1436 1803 1481; x_wconf 74' lang='lat' dir='ltr'>vel</span> <span class='ocrx_word' id='word_1_220' title='bbox 1825 1441 1898 1481; x_wconf 85' lang='lat' dir='ltr'>est</span> 
     </span>
    </p>
   </div>
   <div class='ocr_carea' id='block_1_7' title="bbox 1146 1496 1904 2913">
    <p class='ocr_par' dir='ltr' id='par_1_9' title="bbox 1146 1496 1904 2497">
     <span class='ocr_line' id='line_1_43' title="bbox 1146 1496 1895 1542; baseline -0.005 0"><span class='ocrx_word' id='word_1_221' title='bbox 1146 1499 1299 1542; x_wconf 86' lang='lat' dir='ltr'>vesica</span> <span class='ocrx_word' id='word_1_222' title='bbox 1319 1497 1495 1541; x_wconf 87' lang='lat' dir='ltr'>bubula</span> <span class='ocrx_word' id='word_1_223' title='bbox 1512 1498 1598 1540; x_wconf 70' lang='lat'>372</span> <span class='ocrx_word' id='word_1_224' title='bbox 1632 1496 1705 1540; x_wconf 87' lang='lat' dir='ltr'>vel</span> <span class='ocrx_word' id='word_1_225' title='bbox 1740 1509 1895 1540; x_wconf 89' lang='lat' dir='ltr'>omen-</span> 
     </span>
     <span class='ocr_line' id='line_1_44' title="bbox 1147 1556 1897 1611; baseline -0.004 -10"><span class='ocrx_word' id='word_1_226' title='bbox 1147 1563 1241 1601; x_wconf 85' lang='lat' dir='ltr'>tum</span> <span class='ocrx_word' id='word_1_227' title='bbox 1284 1558 1356 1601; x_wconf 87' lang='lat' dir='ltr'>vel</span> <span class='ocrx_word' id='word_1_228' title='bbox 1404 1560 1545 1606; x_wconf 85' lang='lat' dir='ltr'>carta,</span> <span class='ocrx_word' id='word_1_229' title='bbox 1582 1556 1627 1599; x_wconf 87' lang='lat' dir='ltr'>in</span> <span class='ocrx_word' id='word_1_230' title='bbox 1662 1568 1752 1611; x_wconf 89' lang='lat' dir='ltr'>quo</span> <span class='ocrx_word' id='word_1_231' title='bbox 1787 1567 1897 1610; x_wconf 87' lang='lat' dir='ltr'>ope-</span> 
     </span>
     <span class='ocr_line' id='line_1_45' title="bbox 1146 1614 1897 1670; baseline -0.005 -10"><span class='ocrx_word' id='word_1_232' title='bbox 1146 1617 1339 1660; x_wconf 86' lang='lat' dir='ltr'>rimento</span> <span class='ocrx_word' id='word_1_233' title='bbox 1392 1616 1599 1670; x_wconf 87' lang='lat' dir='ltr'>impensa</span> <span class='ocrx_word' id='word_1_234' title='bbox 1647 1614 1897 1657; x_wconf 85' lang='lat' dir='ltr'>includitur</span> 
     </span>
     <span class='ocr_line' id='line_1_46' title="bbox 1147 1672 1895 1719; baseline -0.005 0"><span class='ocrx_word' id='word_1_235' title='bbox 1147 1680 1194 1719; x_wconf 87' lang='lat' dir='ltr'>et</span> <span class='ocrx_word' id='word_1_236' title='bbox 1225 1674 1490 1719; x_wconf 88' lang='lat' dir='ltr'>involvitur.</span> <span class='ocrx_word' id='word_1_237' title='bbox 1548 1672 1602 1717; x_wconf 86' lang='lat' dir='ltr'>ef.</span> <span class='ocrx_word' id='word_1_238' title='bbox 1650 1674 1752 1716; x_wconf 82' lang='lat'>369.</span> <span class='ocrx_word' id='word_1_239' title='bbox 1796 1673 1895 1716; x_wconf 83' lang='lat'>375.</span> 
     </span>
     <span class='ocr_line' id='line_1_47' title="bbox 1148 1732 1898 1787; baseline -0.004 -10"><span class='ocrx_word' id='word_1_240' title='bbox 1148 1734 1247 1777; x_wconf 81' lang='lat'>402.</span> <span class='ocrx_word' id='word_1_241' title='bbox 1283 1735 1385 1777; x_wconf 79' lang='lat'>431.</span> <span class='ocrx_word' id='word_1_242' title='bbox 1419 1738 1466 1776; x_wconf 88' lang='lat' dir='ltr'>et</span> <span class='ocrx_word' id='word_1_243' title='bbox 1508 1732 1565 1776; x_wconf 91' lang='lat' dir='ltr'>de</span> <span class='ocrx_word' id='word_1_244' title='bbox 1608 1745 1724 1776; x_wconf 85' lang='lat' dir='ltr'>voce</span> <span class='ocrx_word' id='word_1_245' title='bbox 1763 1743 1898 1787; x_wconf 90' lang='lat' dir='ltr'>quam</span> 
     </span>
     <span class='ocr_line' id='line_1_48' title="bbox 1148 1791 1899 1848; baseline -0.007 -11"><span class='ocrx_word' id='word_1_246' title='bbox 1148 1794 1246 1837; x_wconf 85' lang='lat'>369.</span> <span class='ocrx_word' id='word_1_247' title='bbox 1269 1805 1452 1848; x_wconf 89' lang='lat' dir='ltr'>quoque</span> <span class='ocrx_word' id='word_1_248' title='bbox 1472 1791 1654 1836; x_wconf 84' lang='lat' dir='ltr'>restitui</span> <span class='ocrx_word' id='word_1_249' title='bbox 1673 1791 1899 1846; x_wconf 85' lang='lat' dir='ltr'>Ducange</span> 
     </span>
     <span class='ocr_line' id='line_1_49' title="bbox 1148 1849 1898 1906; baseline -0.004 -12"><span class='ocrx_word' id='word_1_250' title='bbox 1148 1852 1203 1895; x_wconf 95' lang='grc' dir='ltr'>ΙΙ.</span> <span class='ocrx_word' id='word_1_251' title='bbox 1237 1865 1284 1906; x_wconf 91' lang='lat' dir='ltr'>p.</span> <span class='ocrx_word' id='word_1_252' title='bbox 1321 1852 1418 1894; x_wconf 79' lang='lat'>156.</span> <span class='ocrx_word' id='word_1_253' title='bbox 1444 1876 1498 1883; x_wconf 89' lang='lat'><em>-</em></span> <span class='ocrx_word' id='word_1_254' title='bbox 1533 1850 1769 1894; x_wconf 87' lang='lat' dir='ltr'>ossibus</span> <span class='ocrx_word' id='word_1_255' title='bbox 1801 1849 1898 1904; x_wconf 89' lang='lat' dir='ltr'>pal-</span> 
     </span>
     <span class='ocr_line' id='line_1_50' title="bbox 1148 1908 1900 1964; baseline -0.004 -11"><span class='ocrx_word' id='word_1_256' title='bbox 1148 1911 1281 1954; x_wconf 86' lang='lat' dir='ltr'>mulis</span> <span class='ocrx_word' id='word_1_257' title='bbox 1317 1912 1353 1952; x_wconf 85' lang='lat'>1.</span> <span class='ocrx_word' id='word_1_258' title='bbox 1381 1911 1449 1954; x_wconf 78' lang='lat'>52.</span> <span class='ocrx_word' id='word_1_259' title='bbox 1490 1935 1540 1939; x_wconf 74' lang='lat'>-—</span> <span class='ocrx_word' id='word_1_260' title='bbox 1576 1908 1900 1964; x_wconf 88' lang='lat' dir='ltr'>palmulum</span> 
     </span>
     <span class='ocr_line' id='line_1_51' title="bbox 1149 1967 1900 2024; baseline -0.004 -12"><span class='ocrx_word' id='word_1_261' title='bbox 1149 1969 1414 2024; x_wconf 82' lang='lat' dir='ltr'>palmula-m,</span> <span class='ocrx_word' id='word_1_262' title='bbox 1447 1968 1662 2023; x_wconf 87' lang='lat' dir='ltr'>palmam,</span> <span class='ocrx_word' id='word_1_263' title='bbox 1696 1967 1752 2010; x_wconf 91' lang='lat' dir='ltr'>de</span> <span class='ocrx_word' id='word_1_264' title='bbox 1778 1980 1900 2010; x_wconf 89' lang='lat' dir='ltr'>men-</span> 
     </span>
     <span class='ocr_line' id='line_1_52' title="bbox 1149 2026 1902 2083; baseline -0.004 -12"><span class='ocrx_word' id='word_1_265' title='bbox 1149 2041 1255 2072; x_wconf 85' lang='lat' dir='ltr'>sura</span> <span class='ocrx_word' id='word_1_266' title='bbox 1288 2028 1512 2083; x_wconf 86' lang='lat' dir='ltr'>palmaria</span> <span class='ocrx_word' id='word_1_267' title='bbox 1534 2041 1568 2070; x_wconf 90' lang='lat' dir='ltr'>s.</span> <span class='ocrx_word' id='word_1_268' title='bbox 1594 2026 1802 2081; x_wconf 87' lang='lat' dir='ltr'>palmari,</span> <span class='ocrx_word' id='word_1_269' title='bbox 1835 2026 1902 2069; x_wconf 86' lang='lat' dir='ltr'>sie</span> 
     </span>
     <span class='ocr_line' id='line_1_53' title="bbox 1153 2084 1900 2142; baseline -0.004 -12"><span class='ocrx_word' id='word_1_270' title='bbox 1153 2101 1335 2142; x_wconf 86' lang='lat' dir='ltr'>pugnus</span> <span class='ocrx_word' id='word_1_271' title='bbox 1382 2088 1451 2130; x_wconf 82' lang='lat'>87.</span> <span class='ocrx_word' id='word_1_272' title='bbox 1504 2086 1640 2129; x_wconf 85' lang='lat' dir='ltr'>lentis</span> <span class='ocrx_word' id='word_1_273' title='bbox 1698 2084 1900 2141; x_wconf 83' lang='lat' dir='ltr'>pugillus</span> 
     </span>
     <span class='ocr_line' id='line_1_54' title="bbox 1155 2146 1901 2197; baseline -0.004 -8"><span class='ocrx_word' id='word_1_274' title='bbox 1155 2146 1253 2190; x_wconf 81' lang='lat' dir='ltr'>Cat.</span> <span class='ocrx_word' id='word_1_275' title='bbox 1314 2146 1411 2197; x_wconf 83' lang='lat'>158,</span> <span class='ocrx_word' id='word_1_276' title='bbox 1473 2147 1510 2187; x_wconf 89' lang='lat'>1.</span> <span class='ocrx_word' id='word_1_277' title='bbox 1571 2170 1623 2175; x_wconf 92' lang='lat'><strong>—</strong></span> <span class='ocrx_word' id='word_1_278' title='bbox 1683 2155 1901 2187; x_wconf 86' lang='lat' dir='ltr'>oneras</span> 
     </span>
     <span class='ocr_line' id='line_1_55' title="bbox 1155 2207 1901 2260; baseline -0.005 -11"><span class='ocrx_word' id='word_1_279' title='bbox 1155 2219 1267 2249; x_wconf 84' lang='lat' dir='ltr'>corr.</span> <span class='ocrx_word' id='word_1_280' title='bbox 1301 2213 1399 2260; x_wconf 67' lang='lat' dir='ltr'>{pro</span> <span class='ocrx_word' id='word_1_281' title='bbox 1442 2217 1630 2248; x_wconf 88' lang='lat' dir='ltr'>ornas.</span> <span class='ocrx_word' id='word_1_282' title='bbox 1675 2207 1721 2246; x_wconf 89' lang='lat' dir='ltr'>et</span> <span class='ocrx_word' id='word_1_283' title='bbox 1765 2215 1901 2257; x_wconf 90' lang='lat' dir='ltr'>ope-</span> 
     </span>
     <span class='ocr_line' id='line_1_56' title="bbox 1154 2262 1902 2318; baseline -0.004 -11"><span class='ocrx_word' id='word_1_284' title='bbox 1154 2264 1275 2308; x_wconf 82' lang='lat' dir='ltr'>ries</span> <span class='ocrx_word' id='word_1_285' title='bbox 1307 2277 1391 2318; x_wconf 89' lang='lat' dir='ltr'>pro</span> <span class='ocrx_word' id='word_1_286' title='bbox 1425 2276 1518 2318; x_wconf 90' lang='lat' dir='ltr'>a-p.</span> <span class='ocrx_word' id='word_1_287' title='bbox 1554 2264 1622 2306; x_wconf 91' lang='lat'>88.</span> <span class='ocrx_word' id='word_1_288' title='bbox 1657 2266 1708 2305; x_wconf 88' lang='lat' dir='ltr'>ut</span> <span class='ocrx_word' id='word_1_289' title='bbox 1741 2262 1801 2304; x_wconf 89' lang='lat' dir='ltr'>sit</span> <span class='ocrx_word' id='word_1_290' title='bbox 1828 2274 1902 2304; x_wconf 89' lang='lat' dir='ltr'>co-</span> 
     </span>
     <span class='ocr_line' id='line_1_57' title="bbox 1154 2319 1904 2379; baseline -0.007 -12"><span class='ocrx_word' id='word_1_291' title='bbox 1154 2323 1304 2379; x_wconf 87' lang='lat' dir='ltr'>peries</span> <span class='ocrx_word' id='word_1_292' title='bbox 1329 2326 1456 2366; x_wconf 82' lang='lat' dir='ltr'>carta</span> <span class='ocrx_word' id='word_1_293' title='bbox 1481 2322 1556 2366; x_wconf 89' lang='lat' dir='ltr'>vel</span> <span class='ocrx_word' id='word_1_294' title='bbox 1574 2326 1776 2371; x_wconf 76' lang='lat' dir='ltr'>omento,</span> <span class='ocrx_word' id='word_1_295' title='bbox 1795 2319 1904 2375; x_wconf 87' lang='lat' dir='ltr'>quia</span> 
     </span>
     <span class='ocr_line' id='line_1_58' title="bbox 1155 2379 1902 2437; baseline -0.007 -11"><span class='ocrx_word' id='word_1_296' title='bbox 1155 2395 1256 2427; x_wconf 89' lang='lat' dir='ltr'>eam</span> <span class='ocrx_word' id='word_1_297' title='bbox 1298 2386 1478 2437; x_wconf 88' lang='lat' dir='ltr'>partem</span> <span class='ocrx_word' id='word_1_298' title='bbox 1521 2380 1725 2436; x_wconf 88' lang='lat' dir='ltr'>inprimis</span> <span class='ocrx_word' id='word_1_299' title='bbox 1773 2379 1902 2422; x_wconf 91' lang='lat' dir='ltr'>nobi-</span> 
     </span>
     <span class='ocr_line' id='line_1_59' title="bbox 1154 2438 1900 2497; baseline -0.007 -13"><span class='ocrx_word' id='word_1_300' title='bbox 1154 2441 1243 2486; x_wconf 91' lang='lat' dir='ltr'>lem</span> <span class='ocrx_word' id='word_1_301' title='bbox 1277 2441 1371 2497; x_wconf 87' lang='lat' dir='ltr'>igni</span> <span class='ocrx_word' id='word_1_302' title='bbox 1402 2439 1734 2490; x_wconf 79' lang='lat' dir='ltr'>defendebant,</span> <span class='ocrx_word' id='word_1_303' title='bbox 1768 2438 1900 2480; x_wconf 88' lang='lat' dir='ltr'>Mart.</span> 
     </span>
    </p>

    <p class='ocr_par' dir='ltr' id='par_1_10' title="bbox 1154 2555 1903 2913">
     <span class='ocr_line' id='line_1_60' title="bbox 1242 2555 1903 2603; baseline -0.009 0"><span class='ocrx_word' id='word_1_304' title='bbox 1242 2559 1302 2603; x_wconf 88' lang='lat' dir='ltr'>ad</span> <span class='ocrx_word' id='word_1_305' title='bbox 1365 2557 1465 2601; x_wconf 75' lang='lat'>254.</span> <span class='ocrx_word' id='word_1_306' title='bbox 1537 2555 1903 2601; x_wconf 85' lang='lat' dir='ltr'>leoeozimus</span> 
     </span>
     <span class='ocr_line' id='line_1_61' title="bbox 1154 2615 1903 2670; baseline -0.008 -7"><span class='ocrx_word' id='word_1_307' title='bbox 1154 2632 1248 2663; x_wconf 85' lang='lat' dir='ltr'>sex.</span> <span class='ocrx_word' id='word_1_308' title='bbox 1292 2619 1677 2663; x_wconf 85' lang='lat' dir='ltr'>leoeozumus</span> <span class='ocrx_word' id='word_1_309' title='bbox 1710 2632 1745 2670; x_wconf 83' lang='grc' dir='ltr'>γ.</span> <span class='ocrx_word' id='word_1_310' title='bbox 1781 2615 1903 2658; x_wconf 91' lang='lat' dir='ltr'>leu-</span> 
     </span>
     <span class='ocr_line' id='line_1_62' title="bbox 1155 2675 1903 2726; baseline -0.008 -5"><span class='ocrx_word' id='word_1_311' title='bbox 1155 2689 1433 2722; x_wconf 88' lang='lat' dir='ltr'>cozumus</span> <span class='ocrx_word' id='word_1_312' title='bbox 1495 2679 1539 2726; x_wconf 80' lang='grc' dir='ltr'>β.</span> <span class='ocrx_word' id='word_1_313' title='bbox 1617 2675 1903 2719; x_wconf 85' lang='lat' dir='ltr'>leucozo-</span> 
     </span>
     <span class='ocr_line' id='line_1_63' title="bbox 1155 2731 1902 2781; baseline -0.009 -1"><span class='ocrx_word' id='word_1_314' title='bbox 1155 2750 1273 2781; x_wconf 88' lang='lat' dir='ltr'>mus</span> <span class='ocrx_word' id='word_1_315' title='bbox 1306 2738 1360 2780; x_wconf 92' lang='lat' dir='ltr'>H.</span> <span class='ocrx_word' id='word_1_316' title='bbox 1396 2734 1479 2780; x_wconf 85' lang='lat' dir='ltr'>sed</span> <span class='ocrx_word' id='word_1_317' title='bbox 1511 2734 1621 2778; x_wconf 91' lang='lat' dir='ltr'>nihil</span> <span class='ocrx_word' id='word_1_318' title='bbox 1655 2734 1698 2778; x_wconf 87' lang='lat' dir='ltr'>ei</span> <span class='ocrx_word' id='word_1_319' title='bbox 1729 2732 1815 2776; x_wconf 88' lang='lat' dir='ltr'>iuri</span> <span class='ocrx_word' id='word_1_320' title='bbox 1838 2731 1902 2774; x_wconf 89' lang='lat' dir='ltr'>in—</span> 
     </span>
     <span class='ocr_line' id='line_1_64' title="bbox 1155 2790 1901 2852; baseline -0.011 -11"><span class='ocrx_word' id='word_1_321' title='bbox 1155 2801 1227 2841; x_wconf 86' lang='lat' dir='ltr'>est</span> <span class='ocrx_word' id='word_1_322' title='bbox 1277 2795 1404 2852; x_wconf 90' lang='lat' dir='ltr'>quod</span> <span class='ocrx_word' id='word_1_323' title='bbox 1452 2793 1699 2837; x_wconf 80' lang='lat' dir='ltr'>candidum</span> <span class='ocrx_word' id='word_1_324' title='bbox 1746 2790 1901 2834; x_wconf 83' lang='lat' dir='ltr'>faeiat.</span> 
     </span>
     <span class='ocr_line' id='line_1_65' title="bbox 1156 2851 1902 2913; baseline -0.016 -14"><span class='ocrx_word' id='word_1_325' title='bbox 1156 2855 1375 2913; x_wconf 75' lang='lat' dir='ltr'>intellege</span> <span class='ocrx_word' id='word_1_326' title='bbox 1440 2851 1660 2911; x_wconf 73' lang='grc' dir='ltr'>ὕδρέλαιον</span> <span class='ocrx_word' id='word_1_327' title='bbox 1713 2851 1782 2896; x_wconf 84' lang='grc'>87.</span> <span class='ocrx_word' id='word_1_328' title='bbox 1850 2875 1902 2882; x_wconf 92' lang='lat'>-—</span> 
     </span>
    </p>
   </div>
  </div>
 </body>
</html>
