2066 3276
373 234 480 284 200
834 233 932 277 Lib.
966 234 1023 278 X.
1085 233 1250 278 Aliens
1282 235 1469 283 libatus.

481 366 604 416 461
648 365 813 418 Alite1
851 366 1026 418 insin
1070 381 1289 420 murena
1340 385 1490 421 assa:
1546 369 1714 436 piper,
1769 370 1955 436 ligisti-

372 454 505 504 cum,
559 455 731 506 pruna
786 437 1126 506 damascena,
1180 441 1375 507 vinum,
1433 442 1673 508 mulsum,
1729 448 1953 510 acetum,

369 509 652 578 liquamen,
695 510 988 596 defrictum,
1031 515 1203 566 oleum
1246 519 1298 566 et
1337 530 1550 582 coques

481 586 607 636 462
648 585 814 637 Aliter
851 585 1024 637 insin
1073 603 1293 640 murena
1345 605 1494 640 assa:
1548 588 1718 656 piper,
1771 587 1954 654 ligisti-

371 673 505 723 cum,
548 662 799 728 nepetam
837 663 1160 727 montanam,
1204 660 1467 713 coriandri
1508 678 1707 726 semen,
1750 677 1954 728 cepam,

371 731 590 784 nucleos
628 732 834 799 pineos,
886 733 1008 799 mel,
1061 739 1286 801 acetum,
1339 735 1625 803 liquamen,
1680 734 1851 786 oleum
1906 739 1958 787 et

371 821 583 872 coques,

480 879 605 932 463.
649 878 815 932 Aliter
854 878 934 932 ius
974 879 1028 931 in
1067 897 1288 933 murena
1339 897 1490 933 assa:
1547 879 1717 950 piper,
1770 880 1952 946 ligisti-

370 968 505 1019 cum,
548 958 777 1020 anetum,
832 954 938 1026 aQ
972 970 1172 1020 semen,
1225 971 1312 1006 rus
1366 953 1628 1022 siriacum,
1681 955 1950 1021 cariotam,

368 1026 488 1094 mel,
531 1031 755 1093 acetum,
796 1028 1080 1094 liquamen,
1124 1029 1313 1095 oleum,
1357 1044 1575 1095 senape,
1618 1026 1912 1081 defrictum.

479 1101 604 1153 464.
660 1101 889 1154 Aliter
927 1102 1037 1154 ius
1077 1101 1141 1154 in
1182 1118 1464 1154 murena
1506 1100 1726 1154 elixa:
1782 1101 1951 1170 piper,

366 1173 670 1242 ligisticum,
722 1192 952 1242 careum,
1007 1175 1094 1246 api
1149 1191 1347 1242 semen,
1403 1174 1755 1242 coriandrum,
1809 1192 1952 1228 men-

367 1254 475 1301 tam
514 1248 734 1315 aridam,
783 1250 1001 1303 nucleos
1047 1249 1255 1317 pineOS,
1309 1254 1496 1314 rutam,
1550 1249 1672 1311 mel,
1726 1254 1952 1316 acetum,

368 1323 562 1390 vinum,
603 1323 888 1391 liquamen,
921 1324 1094 1377 oleum
1125 1323 1347 1376 modice.
1382 1322 1668 1376 calefacies
1699 1331 1751 1375 et
1779 1324 1952 1376 amolo

368 1397 647 1463 obligabis.

477 1472 600 1524 465.
662 1470 888 1523 Aliter
926 1470 1031 1523 ius
1082 1470 1148 1522 in
1187 1487 1468 1523 murena
1509 1470 1733 1523 elixa:
1780 1470 1950 1538 piper,

365 1544 667 1612 lig-isticum,
710 1561 939 1611 careum,
982 1545 1244 1609 ciminum,
1286 1545 1521 1612 nucleOS,
1565 1544 1835 1610 cariotam,
1872 1561 1952 1597 se-

367 1635 526 1687 nape,
568 1620 688 1684 mel,
730 1622 956 1686 acetum,
997 1618 1281 1685 liquamen,
1326 1619 1518 1685 oleum,
1561 1617 1856 1671 defrictum.

475 1694 602 1747 466.
653 1694 767 1745 Ius
805 1692 870 1744 in
909 1692 1107 1762 pisce
1149 1692 1371 1746 elixo:
1426 1692 1595 1759 piper,
1650 1691 1951 1758 ligisticum,

364 1766 746 1835 petrosilinum,
790 1766 1083 1833 origanum,
1139 1781 1328 1832 cepam
1381 1766 1601 1832 aridam,
1655 1766 1775 1831 mel,
1831 1782 1951 1817 ace-

363 1844 493 1907 tum,
532 1841 816 1907 liquamen,
858 1839 1052 1906 vinum,
1083 1840 1256 1892 oleum
1284 1838 1511 1892 modice.
1561 1855 1678 1892 cum
1709 1839 1951 1905 bullierit,

365 1914 542 1967 amolo
584 1914 792 1981 obligas
833 1917 885 1966 et
921 1912 976 1966 in
1014 1914 1170 1967 lance
1208 1911 1420 1966 inferes,

364 2045 425 2089 ad
455 2045 657 2090 Macrob.
692 2049 780 2090 sat.
812 2046 855 2097 3,
890 2045 959 2096 15,
994 2045 1034 2089 7.
1056 2069 1111 2076 —

365 2117 762 2160 crocomagna
812 2103 947 2148 codd.
1002 2120 1110 2157 κρο-

363 2163 560 2219 κόμαγμα
588 2176 773 2219 magma
790 2163 913 2208 croci
934 2176 970 2206 s.
989 2175 1113 2206 man-

362 2235 424 2266 na
455 2223 578 2267 croci
621 2221 727 2266 faex
762 2222 981 2278 unguenti
1015 2234 1111 2266 cro-

364 2281 454 2326 cini
525 2282 714 2326 medicis
781 2282 1109 2326 committatur.

362 2341 495 2385 Hum.
546 2341 617 2385 ed.
672 2354 905 2386 crocum
953 2353 1110 2396 mag-

363 2413 503 2444 num
546 2399 657 2443 mihi
699 2413 836 2443 unum
881 2413 1111 2444 crocum

363 2471 465 2505 oum
495 2471 591 2515 par.
625 2459 739 2503 satis
772 2463 844 2503 est
882 2463 930 2503 et
960 2458 1112 2502 adiec-

361 2522 460 2563 tum
506 2521 727 2574 „magnast
783 2517 980 2586 margini
1020 2530 1113 2562 me-

362 2577 455 2621 dici
495 2576 689 2622 alicuius
737 2576 938 2621 remitto.
987 2577 1110 2620 ooni-

363 2637 497 2690 cias„
506 2636 755 2680 cariotam“
786 2635 860 2679 vel
888 2647 1112 2703 „erucam‚

362 2698 590 2740 mentam“
635 2708 692 2740 ex
732 2694 836 2738 438.
877 2695 950 2740 vel

361 2757 558 2811 ganum“
595 2754 670 2799 vel
706 2767 915 2808 „crocum
947 2754 993 2796 in
1037 2766 1111 2797 ae-

363 2816 526 2870 quam“
576 2813 671 2858 scil.
718 2813 994 2869 portionem,
1037 2812 1111 2857 vel

366 2873 760 2927 „cardamomnm“
806 2885 862 2916 ex
909 2872 978 2914 35.
1037 2871 1110 2916 vel

998 2695 1114 2748 „ori-

1208 2050 1438 2099 „cretmon
1494 2044 1684 2101 agrion“
1741 2057 1798 2088 ex
1835 2043 1951 2087 Plin.

1204 2104 1274 2158 25,
1292 2104 1409 2173 ‚155
1447 2105 1518 2155 26,
1551 2103 1622 2148 94.
1643 2105 1714 2146 82.
1734 2116 1954 2147 ormenon

1202 2175 1379 2219 agrion.

1291 2280 1353 2323 ad
1410 2279 1512 2324 463.
1576 2284 1809 2324 acetum
1867 2293 1952 2335 pro

1202 2343 1350 2384 anet.
1384 2339 1430 2381 in
1461 2351 1560 2383 sex.
1604 2364 1659 2371 -
1701 2352 1796 2382 rus
1830 2338 1954 2382 codi-

1202 2410 1303 2443 cum
1338 2402 1385 2441 ct
1415 2398 1517 2441 477.
1549 2398 1650 2440 478.
1695 2402 1766 2441 est
1811 2397 1953 2441 rhus

1202 2458 1228 2500 i.
1275 2471 1313 2502 8.
1356 2470 1510 2501 semen
1561 2456 1687 2500 rhois
1732 2456 1954 2500 coriariae

1204 2515 1645 2566 L.s11machl)eere‚
1695 2515 1821 2571 quod
1867 2528 1953 2570 pro

1204 2575 1301 2619 sale
1335 2575 1541 2630 opsoniis
1570 2574 1953 2631 adspergebatur‚

1204 2635 1319 2678 Plin.
1355 2634 1425 2685 24,
1458 2636 1527 2678 93.
1562 2634 1721 2679 Diosc.
1771 2638 1809 2685 1,
1855 2633 1951 2676 147.

1207 2693 1369 2737 Galen.
1403 2706 1560 2749 expos.
1596 2706 1696 2737 voc.
1731 2692 1951 2747 Hippocr.

1203 2767 1245 2808 p.
1279 2752 1377 2796 554.
1422 2752 1597 2796 Turcas
1638 2765 1694 2796 eo
1725 2751 1876 2795 adhuc
1907 2751 1953 2793 in

1203 2812 1509 2856 condimentis
1542 2811 1609 2855 uti
1651 2810 1863 2854 audimus
1906 2809 1951 2852 in

1201 2871 1371 2915 Sestini
1403 2869 1556 2914 Briefe
1599 2869 1642 2913 Π
1673 2882 1718 2925 p.
1763 2868 1861 2911 143.
1900 2894 1951 2899 -—
