2066 3276
656 234 753 278 Lib.
789 232 868 278 IV.
929 233 1201 278 Pandectes.
1666 235 1732 287 97

146 368 448 434 feniculum,
511 367 703 435 betam,
763 368 1008 433 malvam,
1071 367 1349 420 coliculum
1409 366 1623 419 mollem
1679 372 1731 420 et

145 441 336 494 viridia
376 441 670 494 minutatim
711 442 926 494 concisa
962 442 1017 492 in
1058 443 1349 494 caccabum
1388 440 1562 492 mittis.
1634 439 1732 493 Co-

146 516 295 568 liclos
351 515 533 568 elixas,
592 520 644 567 et
694 520 837 568 teres
886 515 1105 567 feniculi
1145 532 1330 568 semen
1371 514 1514 580 satiS,
1560 514 1733 581 origa-

147 605 284 654 num,
327 588 427 640 silfi
469 587 690 659 (piper),
731 589 1031 655 ligisticum.
1075 593 1358 658 postquam
1397 588 1622 651 triveris,
1678 588 1735 639 li-

147 662 392 728 quamine
430 662 754 731 temperabis
797 667 847 714 et
892 679 1053 732 super
1093 662 1365 728 legumina
1402 661 1641 715 refundis
1685 665 1738 714 et

146 735 340 802 agitaS,
386 735 694 787 coliclorum
736 736 939 788 minuta
980 753 1139 805 super
1180 735 1435 788 concidis,

262 809 381 862 181.
445 808 726 861 Gustum
767 810 1124 862 versatile:
1186 810 1336 862 albas
1376 811 1530 862 betas
1569 808 1735 861 minu-

145 886 243 947 tas,
287 899 474 952 porros
515 882 799 948 requietos,
842 882 1011 952 apiOS‚
1053 883 1259 950 bulbos,
1303 883 1519 936 cocleas
1550 883 1735 936 elixae.

146 956 352 1023 gigeria
403 956 681 1026 pullorum,
739 957 990 1023 aucellas,
1044 956 1196 1009 isicia
1246 973 1446 1025 coques
1500 974 1566 1009 ex
1605 957 1735 1010 iure.

145 1031 435 1099 perunguis
474 1029 711 1099 patinam
753 1034 805 1083 et
841 1029 972 1083 folia
1009 1030 1306 1083 malvarum
1351 1031 1643 1083 substernis
1686 1035 1738 1082 et

145 1102 411 1192 promixta
452 1104 599 1156 olera
640 1104 901 1174 conponis
941 1103 1076 1157 sicut
1114 1105 1256 1171 laxa,
1304 1104 1581 1190 permiscis
1622 1104 1734 1158 bul-

146 1170 253 1231 bos
281 1177 539 1245 inversos,
582 1177 924 1245 damascena,
975 1179 1204 1245 cocleaS,
1252 1178 1419 1245 isicia,
1462 1178 1736 1232 lucanicas

146 1324 386 1380 qualitatis
417 1326 463 1369 in
494 1325 662 1370 Edicto
682 1325 828 1370 Diocl.
849 1326 891 1378 6,

144 1385 185 1427 9.
206 1384 274 1427 10.
295 1384 351 1427 de
386 1384 643 1440 quibusque
661 1385 774 1428 satis
794 1385 887 1428 dic-

143 1447 240 1485 tum
283 1443 403 1486 inter
444 1443 580 1487 Olera
620 1457 664 1498 p.
698 1444 767 1487 35.
816 1444 891 1488 vel

144 1501 330 1545 feniculi
364 1501 606 1545 coliculum
639 1517 694 1545 m.
731 1503 809 1558 qui
840 1508 892 1546 ut

143 1560 238 1615 apii
280 1560 405 1615 apud
449 1559 626 1605 Colum.
670 1563 738 1613 12,
775 1562 813 1612 7,
850 1564 889 1606 1.

145 1619 191 1661 in
222 1632 353 1662 usum
387 1619 633 1674 colligitur.
669 1620 889 1664 culicu-

147 1678 260 1720 lum
292 1678 471 1722 molle
502 1679 548 1721 in
568 1679 779 1723 omnibus
797 1678 893 1724 fere

148 1736 282 1780 codd.
330 1762 381 1766 ——
422 1737 598 1782 viridi
642 1738 776 1782 codd.
811 1740 892 1783 vi-

147 1795 275 1839 ride
310 1795 380 1839 ed.
415 1809 481 1851 pr.
516 1797 561 1840 in
595 1810 686 1853 qua
714 1810 804 1840 una
822 1803 894 1842 est

146 1855 462 1898 minutatim
483 1869 566 1910 pro
585 1857 799 1900 minuta
817 1871 891 1902 co-

147 1914 298 1957 dicum
320 1914 397 1969 qui
410 1915 510 1958 209.
534 1915 657 1958 mina
675 1916 894 1962 offerunt.

150 1997 201 2001 —
235 1973 424 2016 elixas
458 1986 514 2016 ex
547 1975 632 2018 209
666 1988 750 2030 pro
785 1976 891 2019 eli-

146 2045 175 2073 x
189 2045 261 2075 os.
295 2032 462 2075 lacuna
477 2033 523 2075 in
549 2033 567 2080 ζ
583 2047 668 2088 pro
688 2047 743 2078 ea
764 2048 890 2079 voce.

151 2116 201 2119 —
237 2103 355 2146 quae
388 2098 643 2147 sequuntur
674 2095 893 2137 aromati-

148 2161 228 2193 cae
269 2150 439 2194 herbae
482 2156 590 2195 sunt
633 2152 803 2196 aridae.
840 2179 892 2183 ——

148 2209 400 2253 triveris
433 2223 489 2253 ex
521 2211 620 2255 209.
641 2225 742 2255 cum
761 2212 892 2256 Hum.

147 2280 231 2321 pro
265 2268 585 2313 tribueris.
615 2296 663 2300 —
699 2272 895 2327 agites

149 2326 372 2382 coagites.
408 2353 457 2357 —-
505 2329 896 2374 coliculorum

147 2385 329 2429 illorum
362 2386 543 2431 interim
567 2394 820 2433 coctorum.
843 2415 893 2418 -—

148 2444 403 2489 minutas
437 2446 571 2490 codd.
607 2448 895 2491 minutias

147 2503 281 2548 Hum.
314 2504 623 2559 interpretans
666 2508 895 2561 praecisu-

148 2575 221 2606 ras
280 2564 624 2620 particulasque
683 2566 727 2608 in
783 2579 896 2622 quas

149 2623 320 2665 concisi
353 2627 460 2666 sunt
493 2624 687 2668 coliculi.

236 2682 297 2724 ad
333 2682 428 2724 181.
474 2688 713 2738 gustum
747 2698 780 2727 s.
815 2698 898 2739 gu-

148 2745 261 2791 stus,
279 2742 486 2796 gustatio
501 2743 707 2786 Petronii
726 2745 795 2787 21.
827 2744 898 2786 31.

149 2800 384 2854 gustulum
419 2800 591 2854 Apulei
624 2806 729 2845 met.
767 2804 807 2853 2,
830 2803 896 2846 10.

147 2860 283 2912 γεῦμα
325 2860 404 2913 (ad
446 2860 647 2917 Hesych.
688 2862 733 2904 in
766 2864 899 2913 voc),

195 2931 233 2963 Ο.
259 2932 410 2972 Apicius
437 2935 492 2966 οδ,
519 2934 676 2968 Subur-h.

984 1331 1055 1370 est
1087 1324 1311 1370 ferculum
1345 1325 1471 1382 quod
1503 1330 1735 1382 gustatur,

983 1385 1157 1429 dictum
1190 1385 1249 1429 ab
1284 1385 1562 1429 excellentia
1594 1399 1732 1441 sapo-

982 1445 1044 1488 ris
1077 1449 1125 1488 et
1147 1444 1461 1499 splendidiore
1505 1449 1736 1500 apparatu

982 1503 1180 1558 hincque
1212 1504 1505 1558 potissimum
1550 1505 1607 1547 de
1642 1505 1735 1548 ien-

982 1563 1140 1606 taculo
1172 1568 1422 1618 usurpatur
1454 1568 1501 1606 et
1527 1564 1737 1607 converti

980 1626 1141 1676 potest
1203 1635 1444 1673 voressen,
1520 1622 1735 1678 eingang,

986 1681 1242 1736 comparari
1277 1681 1515 1725 Gallorum
1550 1682 1734 1737 ragout,

984 1739 1084 1794 plat
1137 1739 1194 1783 dc
1241 1741 1371 1796 gout,
1431 1739 1735 1797 geschmack-

983 1799 1150 1854 speise,
1183 1799 1406 1843 Italorum
1447 1813 1627 1855 sapore.
1677 1799 1733 1844 cf.

987 1859 1083 1900 182.
1131 1859 1228 1901 183.
1266 1859 1361 1902 184.
1396 1859 1567 1903 Athen.
1603 1859 1646 1911 4,
1681 1859 1735 1903 17

982 1914 1062 1963 fin.
1095 1916 1138 1967 4,
1173 1918 1241 1961 19.
1273 1918 1405 1969 6‚47.
1428 1918 1493 1970 14,
1513 1919 1584 1962 83.
1615 1934 1733 1971 ματ-

982 1975 1085 2027 τύης
1126 1989 1208 2020 seu
1238 1977 1441 2029 ματτύας.
1487 1978 1544 2021 de
1585 1978 1738 2021 adiec-

983 2036 1081 2078 tivo
1130 2035 1191 2079 ad
1241 2037 1338 2079 122.
1389 2062 1443 2066 -—
1492 2037 1738 2080 ablatas

983 2095 1096 2137 bet.
1147 2107 1242 2149 par.
1289 2105 1336 2138 et
1385 2095 1454 2139 ed.
1504 2110 1570 2151 pr.
1623 2109 1738 2152 quas

985 2154 1275 2208 explicabam
1322 2155 1587 2206 translatas,
1639 2168 1739 2198 ver-

986 2217 1149 2264 setzte,
1183 2227 1239 2257 ex
1271 2214 1389 2258 Plin.
1432 2216 1495 2266 19,
1519 2215 1738 2258 133.135.

987 2272 1061 2315 vel
1110 2278 1391 2328 perceptas„
1427 2274 1471 2316 in
1525 2272 1739 2317 horreum

990 2331 1226 2382 collectas,
1275 2346 1331 2376 ex
1379 2332 1529 2375 Diezii
1576 2332 1662 2376 lex.
1695 2332 1737 2375 d.

987 2403 1097 2433 rom.
1119 2403 1208 2444 spr.
1244 2404 1287 2445 p.
1307 2391 1376 2433 53.
1413 2404 1531 2446 quae
1550 2404 1740 2447 respon-

989 2449 1151 2492 derent
1182 2450 1331 2504 porris
1364 2451 1600 2506 requietis,
1643 2451 1739 2506 qui-

982 2508 1180 2555 buscum
1213 2509 1350 2553 betae
1385 2514 1432 2553 et
1456 2509 1524 2552 62.
1545 2510 1741 2566 iungun-

989 2572 1075 2610 tur.
1130 2592 1178 2596 —
1229 2569 1401 2622 apios
1453 2569 1621 2613 virides
1668 2570 1739 2612 48.

990 2640 1091 2670 cum
1135 2627 1228 2670 suis
1262 2628 1495 2672 radicibus
1531 2629 1601 2672 65.
1647 2628 1742 2683 apii

988 2685 1234 2738 hortensis,
1282 2688 1599 2743 graveolentis
1642 2689 1739 2730 Lin.

989 2745 1173 2795 bulbos,
1206 2746 1576 2798 selleriewurzeL
1610 2747 1742 2791 selle-

992 2803 1245 2858 riekoepfe‚
1290 2806 1364 2849 vel
1408 2806 1580 2861 speciei
1623 2806 1743 2849 itali-

993 2876 1090 2914 cae,
1136 2876 1253 2918 quae
1296 2865 1340 2907 in
1376 2865 1600 2919 Hispania
1633 2866 1743 2908 dici-

1543 2954 1566 2967 ,-

1550 2964 1562 2998 ί
