2066 3276
695 235 793 280 Lib.
827 234 903 279 vi.
953 203 1194 290 Tropetes.
1615 234 1720 287 115

134 374 359 435 acetum,
399 384 632 436 passum,
672 368 943 434 liquamen
983 372 1035 420 et
1075 368 1247 420 oleum
1286 365 1500 420 modice
1553 371 1605 420 et
1655 367 1710 419 in

135 444 438 495 caccabum.
480 441 646 494 facies
697 447 753 492 ut
794 441 990 493 bulliat.
1043 442 1247 493 amolas
1301 445 1354 494 et
1405 441 1482 493 sic
1535 444 1716 510 partes

134 516 402 568 strutionis
440 515 493 567 in
520 516 675 568 lance
708 513 983 582 perfundis
1013 519 1065 567 et
1092 514 1325 582 desuper
1350 514 1506 584 piper
1533 530 1715 584 aspar-

135 591 232 656 gis
276 589 321 641 si
359 594 535 642 autem
585 589 638 640 in
680 587 1010 641 condituram
1052 604 1282 656 coquere
1322 587 1570 653 volueris,
1623 588 1716 640 ali-

136 681 252 716 cam
292 662 461 715 addis.
503 661 671 715 Aliter
708 662 963 714 strutione
992 661 1161 714 elixo:
1203 662 1372 731 piper,
1415 661 1719 728 ligisticum,

133 737 332 802 timum,
377 737 556 788 timum
596 740 686 787 aut
723 733 1025 800 satureiam,
1067 736 1187 802 mel,
1217 751 1437 803 senape,
1491 740 1719 802 acetum,

135 811 401 877 liquamen
442 814 494 862 et
534 808 725 861 oleum.

248 885 370 936 213.
430 884 504 934 In
553 899 721 949 grue
769 882 880 934 vel
931 886 1171 948 anate,
1214 881 1526 950 perdice,
1581 886 1725 934 tur-

134 962 302 1023 ture,
343 956 686 1024 palumb0,
742 956 1058 1008 columbo
1115 960 1178 1009 et
1218 955 1526 1009 diversis
1579 956 1726 1008 avi-

137 1032 286 1084 bus:
329 1046 514 1097 gruem
556 1030 642 1083 vel
695 1034 905 1082 anatem
958 1029 1126 1095 lavaS,
1183 1046 1340 1082 ornas
1395 1034 1447 1083 et
1498 1029 1727 1082 includis

134 1104 188 1157 in
210 1105 385 1171 ollam,
414 1103 617 1157 adicies
638 1120 847 1170 aquam,
889 1104 1073 1170 salem',
1115 1108 1329 1156 anetum
1358 1102 1580 1156 dimidia
1608 1119 1727 1156 coc-

137 1183 254 1231 tura
328 1177 583 1244 decoquis
638 1176 763 1229 dum
817 1176 1117 1231 obduretur.
1158 1177 1308 1230 levas
1351 1183 1402 1230 et
1441 1177 1631 1230 iterum
1672 1177 1728 1229 in

138 1254 428 1306 caccabum
468 1251 628 1303 mittis
669 1268 787 1304 cum
836 1251 955 1303 oleo
998 1256 1049 1304 et
1087 1251 1391 1318 liquamine,
1447 1268 1567 1304 cum
1618 1250 1725 1304 fas-

139 1327 307 1380 ciculo
351 1326 556 1393 origani
598 1330 649 1378 et
690 1325 971 1378 coriandri.
1013 1342 1183 1394 prope
1226 1330 1494 1379 cocturam
1537 1324 1728 1378 defric-

136 1405 244 1453 tum
284 1400 492 1453 modice
519 1398 678 1451 mittis
712 1404 769 1451 ut
797 1399 1012 1453 coloret.
1041 1404 1183 1452 teres
1210 1400 1380 1468 piper,
1422 1399 1727 1466 ligisticum,

138 1473 403 1540 ciminum,
434 1473 785 1539 coriandrum,
813 1473 1002 1526 lasaris
1029 1473 1283 1540 radicem,
1319 1478 1506 1540 rutam,
1550 1490 1730 1526 caroe-

138 1564 277 1615 num,
319 1548 440 1614 mel,
481 1547 739 1600 suffundis
780 1546 859 1599 ius
902 1549 969 1600 de
1010 1564 1105 1600 suo
1147 1547 1263 1614 sibi,
1320 1552 1472 1600 aceto
1526 1552 1727 1617 tempe-

974 1678 1072 1721 tion
1106 1684 1193 1722 cet.
1225 1678 1445 1723 scribitur
1477 1683 1524 1723 et
1555 1679 1600 1722 in
1635 1678 1732 1723 Vo-

974 1737 1211 1782 cabulario
1271 1738 1456 1793 Optimo
1506 1737 1733 1783 Wacker-

973 1809 1078 1852 nag.
1124 1810 1168 1852 p.
1201 1797 1270 1841 43.
1321 1798 1521 1850 „strucio
1555 1800 1730 1848 strus“,

135 1684 321 1735 petes,
351 1679 594 1733 ἄεροπέτης,
642 1678 794 1733 „quod
836 1679 883 1722 in

136 1752 192 1783 eo
225 1739 343 1782 libro
378 1739 436 1782 de
468 1738 606 1781 avicii
635 1738 817 1793 generis
836 1743 884 1782 et

135 1797 373 1841 volucrum
406 1798 450 1840 in
487 1799 594 1840 aei-e
628 1796 883 1841 volantium

139 1858 370 1912 vitamque
414 1856 765 1912 transigentium
804 1857 884 1900 ob-

137 1916 279 1959 soniis
312 1920 359 1959 et
392 1915 646 1959 condituris
686 1915 880 1970 agitur.“

226 1975 287 2017 ad
320 1976 419 2019 212.
477 1973 761 2018 struthiones
794 1975 884 2017 iam

139 2039 450 2077 memorantur
491 2034 534 2076 in
579 2045 723 2077 coena
766 2033 887 2089 Iphi-

140 2093 278 2135 cratis
322 2105 395 2148 ap.
438 2092 610 2136 Athen.
657 2094 697 2143 4,
743 2093 766 2134 7
810 2088 884 2136 fin.

140 2152 474 2207 Heliogabalus
511 2151 889 2205 „struthiocame-

141 2210 211 2254 los
259 2210 467 2255 exhibuit
514 2212 557 2254 in
603 2211 758 2254 coenis
806 2211 887 2253 ali-

142 2271 351 2325 quoties“
379 2276 426 2314 et
448 2276 797 2323 „sexcentorum
817 2283 888 2313 ce-

142 2329 343 2373 rebella“
389 2330 514 2384 apud
556 2329 787 2384 Lamprid.
831 2329 887 2371 28

144 2392 192 2431 et
222 2388 290 2430 30.
327 2387 519 2432 Africae
544 2389 760 2444 gentibus
778 2401 887 2431 non-

142 2446 280 2490 nullis
323 2460 403 2491 eos
442 2446 595 2491 adhuc
637 2447 787 2490 cibum
826 2447 891 2490 iu-

144 2505 341 2549 cundum
374 2519 475 2550 esse
508 2511 708 2550 constat.
742 2506 787 2548 in
813 2505 892 2549 tri-

148 2566 230 2608 bus
280 2565 413 2608 codd.
463 2566 802 2609 structione
846 2569 894 2609 et

146 2624 503 2668 structionis
568 2629 619 2668 ut
683 2624 893 2675 structio,

146 2685 334 2734 strucio‚
382 2684 550 2727 strutio
598 2684 643 2726 in
691 2682 894 2727 Aethico

146 2742 416 2799 Hieronymi
451 2743 636 2789 105‚31.
671 2747 718 2786 et
735 2743 896 2798 planta

149 2801 390 2857 στρούθιον
410 2803 454 2844 in
487 2802 627 2844 Macri
653 2802 773 2844 Flor.
793 2802 892 2844 907.

148 2860 277 2904 libris
291 2861 510 2912 strucion,
524 2861 740 2914 strution,
752 2867 896 2920 struc-

974 1855 1080 1899 inde
1093 1855 1291 1899 Romani
1304 1855 1513 1900 fecerunt
1525 1861 1652 1900 sti-uz
1660 1870 1731 1900 zo.

977 1939 1030 1944 —-
1063 1927 1253 1959 assum
1287 1916 1552 1966 assicatum‚
1588 1916 1734 1959 sicca-

976 1978 1087 2024 tum,
1132 1973 1315 2018 frictum
1360 1976 1445 2017 227
1505 1972 1734 2018 torrefac-

979 2038 1090 2084 tum,
1133 2039 1383 2090 postquam
1417 2034 1463 2076 in
1495 2038 1633 2077 aceto
1668 2034 1737 2077 in-

980 2090 1129 2135 fusum
1173 2098 1244 2136 est
1290 2093 1386 2136 105.
1433 2118 1485 2122 —
1531 2105 1738 2136 careo-

980 2156 1069 2194 tas
1103 2152 1238 2195 codd.
1275 2157 1560 2209 caryotas
1594 2152 1649 2194 H.
1685 2177 1737 2185 --

979 2224 1008 2265 p
1021 2222 1050 2253 a
1062 2224 1083 2253 r
1095 2215 1114 2254 t
1125 2225 1148 2255 e
1162 2225 1183 2255 s
1201 2211 1390 2266 pulpam
1403 2211 1624 2266 pector1s,
1644 2209 1738 2254 for-

980 2275 1105 2313 tasse
1147 2276 1195 2314 et
1238 2270 1342 2313 alas
1388 2283 1507 2325 quac
1554 2270 1601 2313 in
1634 2270 1740 2312 aliis

978 2329 1143 2372 avibus
1176 2327 1513 2384 praeferuntur.
1542 2354 1593 2359 —
1615 2342 1740 2384 per-

982 2386 1182 2430 fundis
1216 2402 1271 2431 eo
1306 2388 1417 2431 iure.
1457 2413 1507 2417 —-
1540 2388 1598 2431 in
1632 2393 1743 2431 ante

986 2446 1329 2499 „condituram“
1372 2459 1489 2490 unus
1522 2450 1552 2498 β
1586 2460 1743 2491 serva-

985 2506 1065 2548 vit.
1103 2531 1155 2535 *-

1075 2564 1136 2607 ad
1155 2566 1253 2609 213.
1290 2564 1383 2608 vel
1410 2569 1520 2609 ante
1550 2567 1741 2618 ‚‚ornas“

986 2623 1138 2667 delevi
1172 2623 1229 2669 cf.
1264 2625 1363 2667 216.
1410 2624 1509 2667 234.
1549 2624 1654 2668 243.
1694 2649 1746 2654 —

987 2682 1161 2727 ollam
1194 2697 1278 2739 pro
1314 2682 1448 2727 olla
1481 2697 1538 2727 ex
1570 2683 1669 2726 234.
1694 2707 1746 2712 —-

987 2742 1154 2786 levas
1188 2743 1349 2787 eximis
1389 2755 1523 2786 avem
1559 2742 1616 2786 de
1651 2741 1748 2785 olla

987 2806 1034 2845 et
1066 2802 1109 2844 in
1146 2803 1347 2846 caccabo
1392 2801 1530 2856 plene
1566 2801 1743 2856 coquis.

988 2861 1108 2904 idem
1144 2859 1197 2903 fit
1230 2862 1328 2904 216.
1366 2861 1464 2903 242.
1501 2861 1604 2903 251.
1640 2860 1748 2904 coll.
