2066 3276
262 212 332 267 56
791 210 891 256 Lib.
933 210 1014 256 III.
1078 208 1297 267 Gepuros.

374 348 460 402 67.
507 345 943 401 Cucurbitas.
986 345 1057 398 ad
1094 346 1284 398 iustum
1326 343 1625 412 cucurbitas
1666 351 1845 400 coctas

261 438 547 493 expressas
585 423 639 474 in
672 425 871 488 patena
905 437 1192 489 conpones.
1225 420 1425 474 adicies
1458 421 1514 472 in
1541 421 1845 473 mortarium

258 497 414 565 piper
455 501 506 549 et
545 496 809 560 ciminum,
860 494 959 547 silfi
999 494 1208 547 modice
1253 493 1325 565 [id
1365 498 1446 547 est
1482 494 1669 547 lasaris
1707 494 1845 546 radi-

260 568 412 640 cem],
454 574 623 622 rutam
662 569 942 635 modicam,
984 568 1271 633 liquamine
1314 573 1366 621 et
1398 572 1551 621 aceto
1584 573 1845 635 tempera-

256 643 353 709 bis,
394 643 571 695 mittes
612 642 891 695 defrictum
931 641 1196 695 modicum
1231 647 1287 694 ut
1311 642 1587 695 coloretur.
1627 642 1707 694 ius
1738 641 1845 694 exi-

255 717 442 770 nanies
493 717 548 769 in
601 721 818 785 patena.
875 733 993 769 cum
1044 715 1298 768 fervuerit
1341 715 1531 768 iterum
1570 732 1634 768 ac
1673 714 1844 780 tertie,

257 790 498 858 depones
540 796 592 844 et
629 790 784 859 piper
822 790 1079 842 minutum
1119 805 1394 857 asparges

366 865 454 917 68.
517 865 685 918 Aliter
726 864 1024 917 cucurbitas
1052 863 1166 916 iure
1208 863 1619 929 colocasiorum:
1663 878 1845 916 cucur-

255 938 396 990 bitas
439 955 635 1005 coques
677 955 745 992 ex
784 954 956 1004 aequa
993 937 1047 988 in
1088 936 1303 989 modum
1333 936 1731 991 colocasiorum.
1770 941 1845 990 te-

254 1028 340 1065 res
380 1012 551 1080 piper,
590 1013 852 1075 ciminum,
887 1016 1075 1076 rutam,
1111 1011 1383 1064 suffundes
1412 1016 1638 1078 acetum,
1679 1011 1844 1077 liqua-

251 1102 391 1152 men,
445 1086 784 1154 temperabis
838 1086 891 1137 in
933 1085 1239 1138 caccabum.
1296 1085 1379 1139 cui
1418 1084 1619 1138 adicies
1662 1090 1713 1137 et
1753 1101 1845 1138 eas

253 1160 552 1213 cucurbitas
604 1160 802 1214 incisas
858 1174 1158 1227 expressas.
1215 1159 1270 1211 in
1316 1160 1396 1212 ius
1435 1158 1610 1211 mittes
1650 1167 1707 1210 ut
1742 1158 1845 1211 fer-

250 1238 425 1286 veant.
470 1234 644 1287 amolo
689 1233 912 1300 obligaS,
953 1232 1110 1300 piper
1149 1233 1394 1302 aspargis
1436 1236 1487 1284 et
1523 1232 1738 1313 inferes.

255 1365 421 1410 bitas
455 1366 528 1410 ad
559 1370 811 1421 gustum.
850 1378 1009 1422 „aspa-

254 1437 396 1480 ragos
431 1426 635 1470 callosos
678 1426 901 1470 reddere“
938 1430 1011 1470 est

253 1484 386 1540 quasi
421 1485 540 1530 callo
570 1485 817 1535 obducere,
850 1490 901 1528 ut
918 1485 1010 1528 sint

250 1544 400 1587 minus
418 1545 610 1588 marcidi
623 1550 670 1588 ct-
686 1544 881 1595 flaccidi‚
900 1557 1007 1588 caro

259 1615 418 1646 eorum
451 1604 603 1647 solida
635 1599 881 1659 firmaque,
915 1618 1008 1646 non

253 1659 409 1705 fluida.
455 1661 510 1705 Of.
552 1661 756 1718 χονὸρὸς,
798 1660 1005 1717 χονδρώ-

254 1718 327 1772 ὃης
339 1751 349 1768 ‚
428 1720 625 1776 knorpel
641 1755 651 1773 ‚
713 1721 983 1778 knorpeligt
997 1755 1007 1774 ,

251 1778 517 1836 knarpeHg,
550 1781 829 1837 knopperig.

342 1838 405 1882 ad
438 1840 510 1884 67.
561 1841 773 1884 Disiunxi
791 1845 842 1884 ut
874 1841 1006 1884 vides

255 1901 302 1941 et
334 1912 391 1942 ex
424 1900 534 1943 edit.
584 1914 649 1954 pr.
685 1905 733 1944 et
764 1898 884 1943 hum.
936 1899 1007 1943 ad

249 1962 425 2012 gustu
447 1973 491 2002 m
541 1959 673 2003 effeci
706 1959 767 2002 ad
798 1959 1006 2002 iustum

250 2020 303 2059 ut
339 2018 438 2061 120.
477 2018 703 2071 „iustata“
741 2031 797 2062 ex
823 2022 1007 2074 „gusta-

251 2078 345 2118 ta“.
380 2077 507 2131 quod
540 2078 755 2121 mendum
800 2090 857 2121 ex
903 2090 1006 2132 pro—

249 2135 541 2180 nuntiatione
592 2141 743 2180 ortum
792 2141 840 2180 et
886 2136 1007 2179 intra

249 2206 413 2238 vocem
461 2196 665 2239 recurrit.
713 2194 768 2238 cf.
810 2194 1004 2238 Salmas.

251 2252 297 2294 in
331 2253 424 2296 Sol.
459 2267 503 2308 p.
537 2253 607 2297 43.
643 2267 672 2297 a
693 2253 746 2298 G.
768 2254 864 2296 137.
890 2267 917 2295 a
948 2254 1003 2297 D.

249 2311 370 2355 iuste
389 2317 549 2357 coctus
572 2314 667 2356 133.
705 2326 761 2356 cx
787 2313 884 2356 iure
905 2313 1003 2355 131.

249 2370 311 2412 ad
343 2370 413 2414 54.
449 2397 501 2401 -—
536 2372 710 2427 piper
742 2376 800 2416 et
832 2384 880 2415 c.
920 2385 1003 2426 pro

248 2429 430 2484 piper
472 2430 592 2473 cim.
637 2445 693 2475 ex
725 2435 756 2482 β
785 2431 1004 2485 pipere

251 2500 365 2530 corr.
400 2492 452 2531 ut
485 2490 658 2533 arctius
686 2490 934 2544 iungantur
958 2493 1005 2532 et

251 2546 344 2589 Sint
376 2548 724 2602 πεπεροκὺμινον
744 2547 1005 2603 Hierophili

250 2604 418 2648 medici
450 2604 493 2648 in
528 2606 696 2650 Ideleri
730 2606 863 2660 Corp.
892 2609 928 2648 1.
958 2620 1002 2660 p.

248 2663 350 2715 411,
385 2665 453 2706 29.
486 2690 538 2694 —-
572 2665 862 2708 modicum
893 2682 918 2719 γ
946 2665 1000 2707 Η.

250 2722 476 2766 modici
508 2723 579 2767 ed.
613 2737 681 2778 pr.
746 2748 780 2753 —
826 2722 881 2766 id
916 2727 1004 2772 est

250 2781 354 2825 las.
388 2782 506 2825 rad.
545 2782 722 2826 omittit
751 2798 789 2836 γ.
823 2806 879 2813 -—
914 2782 1001 2825 de-

250 2838 404 2888 fruti
436 2840 507 2884 ed.
540 2839 737 2885 defricto
757 2856 803 2884 π.
836 2840 894 2884 de
914 2839 1001 2884 fre-

1100 1370 1150 1410 to
1183 1370 1213 1417 β
1255 1365 1375 1409 florr.
1411 1365 1468 1409 de
1500 1363 1671 1409 feretro
1703 1382 1739 1420 y.
1789 1364 1846 1408 si-

1100 1425 1219 1469 milis
1263 1426 1460 1468 variatio
1508 1424 1603 1468 145.
1650 1422 1705 1468 cf.
1747 1424 1844 1467 251.

1099 1486 1199 1529 369.
1251 1484 1448 1529 defricto
1497 1484 1705 1528 colorare
1745 1482 1845 1533 284,

1100 1545 1200 1588 287.
1235 1545 1334 1588 337.
1354 1556 1500 1599 prope
1519 1548 1752 1586 cocturam
1771 1542 1845 1586 vel

1099 1603 1253 1648 media
1285 1607 1475 1647 coctura
1514 1603 1714 1645 mittitur
1745 1602 1843 1644 213.

1100 1664 1199 1705 216.
1233 1663 1333 1706 380.
1368 1663 1467 1705 381.
1489 1662 1588 1704 234.
1623 1661 1769 1704 ad19.
1791 1685 1845 1690 -—

1100 1721 1590 1776 coleturyflorr.ed.
1613 1720 1845 1775 pr.cole-

1098 1785 1255 1825 retur
1283 1798 1401 1823 π.-
1437 1781 1651 1824 iterum
1694 1778 1844 1822 ad65.

1188 1840 1250 1883 ad
1282 1841 1349 1883 68-
1399 1838 1844 1883 colocesiorum

1100 1899 1202 1943 cod.
1240 1900 1335 1942 179.
1367 1899 1465 1942 208.
1497 1899 1594 1941 218.
1624 1898 1728 1943 325.
1744 1897 1843 1940 356.

1097 1960 1292 2002 variant.
1328 1962 1399 2002 est
1431 1957 1532 2002 olus
1564 1957 1779 2001 niliacum
1798 1960 1846 2000 et

1096 2018 1293 2061 Romam
1315 2017 1567 2073 perlatum:
1599 2028 1844 2072 praepara—

1098 2082 1195 2120 tum
1239 2090 1294 2120 ex
1336 2077 1479 2132 longa
1511 2080 1558 2120 et
1590 2088 1743 2119 crassa
1774 2087 1844 2117 ra-

1099 2137 1200 2180 dice
1247 2136 1320 2179 cui
1366 2140 1530 2191 gustus
1562 2135 1844 2185 tuberorum‚

1098 2195 1297 2238 dulcedo
1346 2194 1675 2244 avellanarum,
1722 2193 1844 2236 unde

1096 2254 1142 2296 in
1162 2254 1274 2297 cibis
1292 2253 1562 2303 lautissima,
1595 2252 1734 2296 hodie
1752 2251 1844 2295 cul-

1098 2325 1175 2356 cas
1208 2312 1347 2355 dicta.
1383 2311 1573 2355 Salmas.
1608 2310 1715 2367 Hyl.
1740 2311 1843 2354 iatr.

1095 2385 1139 2426 p.
1177 2372 1260 2414 198
1287 2370 1317 2414 b
1352 2370 1400 2414 O.
1435 2369 1646 2414 Schneid.
1662 2370 1723 2413 ad
1739 2369 1843 2412 Pal-

1096 2429 1188 2473 lad.
1234 2431 1277 2480 3,
1320 2429 1390 2480 24,
1437 2429 1505 2473 14.
1561 2454 1611 2459 —
1657 2440 1844 2483 aequa

1097 2503 1210 2533 corr.
1255 2502 1339 2544 pro
1383 2500 1549 2543 aqua.
1590 2488 1650 2530 ad
1683 2487 1752 2530 54.
1788 2511 1842 2516 -—

1095 2548 1250 2591 malim
1314 2547 1595 2591 concisas
1656 2546 1726 2588 48.
1785 2545 1843 2587 in

1095 2607 1186 2650 ius
1231 2606 1369 2649 codd.
1411 2605 1611 2649 otiosum
1643 2604 1841 2653 videtur,

1096 2665 1222 2721 quod
1282 2664 1332 2707 id
1397 2664 1488 2707 iam
1551 2664 1597 2706 in
1641 2662 1840 2706 caccabo

1095 2728 1179 2767 est.
1244 2723 1423 2767 tentavi
1472 2722 1635 2765 intus
1692 2725 1740 2765 et
1785 2719 1841 2762 in

1092 2782 1329 2826 iustum.
1363 2785 1413 2824 at
1443 2782 1496 2824 in
1527 2780 1616 2823 ius
1644 2778 1839 2822 mittis

1093 2841 1286 2886 recurrit
1320 2839 1416 2884 135.
