2066 3276
852 212 1108 262 Praefatio,
1192 264 1195 268 ,
1742 216 1775 268 9

182 346 426 402 contineo
482 346 573 401 imi
622 348 859 402 subsellii
906 347 986 401 vir
1028 353 1080 402 et
1121 348 1328 405 caudae
1370 348 1598 419 equinae
1637 349 1776 420 pilos

179 438 437 509 paulatim
476 439 632 492 vello,
676 443 730 491 at
767 438 824 491 id
866 443 1016 492 extra
1056 444 1282 492 cantum.

292 523 569 581 Inmultis
609 545 693 581 me
733 528 921 596 Apicio
964 528 1119 581 saluti
1169 528 1332 582 fuisse
1375 529 1564 599 opinor
1594 533 1776 597 'neque

181 634 374 684 aquam
413 617 467 669 in
500 617 749 685 mortario
784 617 1062 684 tutudisse,
1105 617 1273 672 sicubi
1300 618 1466 672 falsus
1495 620 1609 686 sim,
1654 636 1776 672 con-

180 706 422 774 donabiS,
477 706 556 758 vir
607 705 1003 774 humanissime,
1059 724 1182 759 nam
1237 708 1352 774 quis
1391 708 1479 763 ille
1519 709 1777 762 Hercules

179 802 285 850 tam
324 798 568 850 robustus
624 800 675 849 et
721 796 1010 865 perspicax
1066 795 1221 850 suerit
1262 798 1361 864 qui
1388 798 1598 867 Augiae
1636 797 1778 852 istud

179 887 443 940 stabulum
490 902 597 938 una
649 902 815 954 opera
866 885 941 939 sic
997 891 1290 954 perpurget
1343 891 1398 939 ut
1446 887 1573 940 nihil
1612 886 1777 940 sordi-

96 1018 100 1021 ,
181 976 305 1029 dum
347 975 476 1028 inibi
515 975 856 1042 relinquatur.
886 992 1031 1028 -cum
1074 975 1361 1029 trinoctiali
1399 976 1488 1030 illo
1529 995 1614 1031 me
1656 994 1778 1030 con-

179 1066 336 1134 feraS,
404 1064 547 1133 quod
601 1065 814 1119 domem
874 1082 1011 1133 quae
1071 1065 1276 1120 scilicet
1326 1072 1564 1121 veterum
1617 1067 1779 1121 libros

179 1155 332 1209 nimis
376 1154 640 1222 obsident,
693 1154 747 1207 in
801 1155 991 1221 quibus
1036 1171 1140 1222 ego
1182 1156 1478 1224 purgandis
1520 1156 1609 1209 diu
1649 1157 1778 1210 mul-

179 1250 394 1312 tumque
434 1246 620 1298 laboro
664 1249 715 1297 et
754 1244 825 1296 ad
864 1243 1042 1297 vivum
1083 1262 1286 1311 resecO,
1331 1246 1418 1299 vel
1452 1246 1658 1299 Iolaum
1684 1263 1777 1315 po-

179 1335 279 1390 tius
319 1336 579 1404 appelleS,
631 1334 675 1386 si
715 1333 974 1402 speciosis
1016 1334 1319 1388 nominibus
1361 1335 1584 1402 gaudeS,
1634 1334 1777 1402 quod

179 1441 354 1492 paene
396 1440 687 1492 oppressae
740 1425 807 1478 ab
865 1423 1038 1492 hydra
1092 1424 1340 1477 vetustati
1378 1425 1524 1478 velut
1563 1423 1781 1478 Herculi

182 1514 433 1567 clamanti
495 1530 607 1566 sum
670 1518 886 1581 praesto
954 1530 1072 1566 cum
1137 1513 1274 1566 face.
1328 1513 1421 1566 fax
1473 1531 1599 1567 vero
1652 1513 1779 1567 mihi

180 1602 563 1656 inflammanda
605 1608 733 1670 erat,
775 1601 831 1654 id
873 1602 1015 1655 omni
1055 1619 1187 1656 voce
1220 1603 1497 1671 praedicO,
1539 1621 1664 1656 nam
1692 1602 1780 1670 qui

180 1693 342 1761 vulgo
386 1693 517 1746 Cato
561 1697 640 1746 est
681 1692 934 1759 cuiusque
976 1696 1129 1745 notas
1169 1709 1267 1761 per
1319 1710 1504 1746 manus
1544 1692 1777 1747 tradide-

183 1787 304 1835 runt
343 1783 711 1836 subventanea
749 1782 960 1851 peperit
998 1783 1247 1851 palpatus
1286 1782 1341 1835 in
1381 1783 1631 1850 tenebris,
1673 1782 1777 1852 pri-

177 1872 409 1926 moribus
461 1872 614 1926 labiis
668 1871 991 1939 degustavit,
1045 1872 1235 1925 leniter
1285 1872 1568 1940 castigavit
1617 1873 1778 1940 gulae

178 1963 489 2030 magistrum
548 1962 765 2029 eiusque
828 1963 963 2015 bono
1023 1979 1130 2014 non
1198 1963 1417 2015 multum
1476 1961 1775 2028 desudavit,

178 2052 413 2120 palmam
453 2051 666 2105 minime
705 2051 1015 2119 praeripuit,
1057 2051 1339 2119 plurimum
1381 2057 1566 2105 contra
1588 2051 1778 2118 reliqui

183 2140 324 2194 fecit.
369 2158 435 2195 ex
475 2141 624 2194 istius
664 2140 1031 2207 Humelbergii
1054 2140 1480 2208 reliquorumque
1519 2141 1777 2209 interpre-

178 2235 287 2283 tum
326 2231 501 2283 multis
541 2230 713 2299 paleis
754 2246 942 2298 parum
983 2229 1183 2282 fructus
1226 2230 1422 2297 collegi
1476 2235 1528 2283 et
1582 2248 1649 2284 ex
1700 2231 1776 2282 in-

179 2320 325 2386 genti
365 2320 634 2373 volumine
687 2320 959 2371 minimum
1002 2319 1276 2373 doctrinae
1322 2321 1492 2374 retuli.
1534 2321 1652 2389 ipse
1692 2320 1776 2372 Li-

179 2413 348 2462 sterus
399 2409 643 2461 immunis
695 2408 858 2475 venit,
914 2408 1142 2461 eandem
1196 2409 1516 2462 cantilenam
1567 2410 1775 2476 cecinit,

177 2498 455 2565 scrupulos
494 2514 601 2549 non
643 2497 852 2551 exemit.
897 2498 1039 2565 quod
1079 2499 1213 2551 alius
1269 2499 1504 2551 condivit
1559 2516 1775 2567 cquUS,

176 2587 329 2640 aliter
370 2587 724 2640 condiendum
767 2593 895 2640 erat.
938 2580 1164 2640 πολλάκι
1204 2589 1291 2641 καὶ
1329 2583 1604 2661 κηπουρὸς
1643 2582 1776 2661 ἀνήρ

175 2669 322 2743 μάλα
372 2675 578 2748 καίριον
628 2669 797 2728 einen
841 2679 894 2729 in
942 2678 1151 2745 magnis
1194 2685 1244 2731 et
1282 2679 1516 2731 voluisse
1556 2683 1639 2731 sat
1679 2683 1773 2732 est.

176 2783 282 2819 non
324 2766 493 2819 omnis
532 2766 634 2820 fert
675 2767 852 2820 omnia
891 2768 1060 2820 tellus.
1119 2785 1277 2834 quam
1316 2768 1508 2819 multos
1546 2768 1602 2820 in
1643 2768 1774 2821 Cae-

175 2856 245 2909 lio
301 2856 615 2923 castigando
668 2856 881 2910 labores
933 2857 1159 2924 tulerim,
1214 2861 1467 2925 quantum
1521 2857 1775 2926 temporis
