2066 3276
282 269 351 324 28
834 269 933 316 Lib.
967 270 1000 315 1.
1066 270 1316 329 EpimeleS.

395 403 444 457 2.
511 403 877 458 Conditum
916 404 1346 458 melizomum
1388 402 1662 475 [viatorum
1698 403 1876 458 condi-

279 481 390 530 tum
414 478 765 551 melizomum]
810 484 1126 548 perpetuum
1160 479 1301 547 quod
1329 479 1749 532 subministratur
1781 496 1878 547 per

280 552 423 604 viam
462 554 854 621 peregrinanti:
907 554 1063 621 piper
1105 553 1281 605 tritum
1330 569 1448 606 cum
1488 554 1645 606 meHe
1686 553 1876 621 despu-

281 631 424 679 mato
465 626 520 679 in
562 628 828 696 cupellam
868 627 1029 680 mittis
1071 627 1268 680 conditi
1306 627 1424 681 loco
1459 631 1510 680 et
1542 627 1612 679 ad
1645 643 1875 680 momen-

279 703 389 753 tum
430 705 685 769 quantum
725 702 791 755 sit
829 701 1116 756 bibendum
1156 706 1357 753 tantum
1393 706 1483 754 aut
1514 700 1685 754 mellis
1718 717 1875 768 porro

281 772 424 828 feras
467 780 558 827 aut
589 774 768 828 vinum
800 777 1043 830 misceas.
1081 775 1178 829 sed
1211 775 1467 828 suaserim
1500 774 1738 829 nonnihil
1771 774 1877 827 vini

281 848 563 902 melizomo
605 850 798 904 mittas
840 849 1199 923 [adiciendum
1230 853 1451 918 propter
1476 850 1647 903 mellis
1681 847 1877 902 exitum

279 922 618 995 solutiorem].

393 998 441 1051 3.
502 996 890 1051 Absintium
935 1014 1282 1051 romanum
1327 997 1405 1051 sic
1446 996 1613 1051 facies
1673 995 1877 1051 condiri

284 1071 549 1126 Camerini
587 1071 893 1141 praeceptis
928 1072 1107 1140 utique
1137 1089 1234 1144 pro
1267 1071 1494 1126 absintio
1528 1076 1787 1138 cessante,
1821 1071 1877 1124 in

280 1146 427 1201 cuius
467 1147 641 1200 vicem
683 1146 878 1199 absinti
918 1147 1117 1215 pontici
1150 1146 1362 1215 purgati
1396 1147 1748 1214 terebintique
1782 1162 1874 1198 un-

282 1219 419 1274 ciam
458 1220 761 1274 thebaicam
807 1206 976 1287 da'bis7
1018 1221 1271 1288 masticiS,
1313 1220 1412 1291 fol-i,
1440 1222 1536 1275 ΙΙΙ.
1579 1220 1711 1275 costi
1750 1219 1873 1274 scri-

278 1295 433 1363 pulos
468 1295 560 1348 VI.
608 1294 750 1349 croci
790 1295 1050 1363 scripulos
1083 1296 1181 1348 III.
1222 1295 1331 1347 vini
1372 1294 1667 1349 cuiusmodi
1701 1298 1874 1348 sexta·
1944 1351 1947 1353 ,

281 1368 388 1422 rios
428 1369 626 1423 XVIII.
672 1370 933 1423 carbones
973 1369 1272 1423 amaritudo
1314 1386 1419 1422 non
1462 1369 1643 1436 exigit.

1128 1561 1194 1603 pr.
1223 1572 1274 1577 ——
1295 1546 1570 1591 suaserit
1595 1558 1753 1591 omnes
1770 1545 1877 1591 libri

279 1548 509 1605 paulatim
527 1546 832 1592 infunduntur
857 1548 918 1592 ad
935 1561 1036 1592 sex-

1127 1607 1315 1651 habent.
1349 1620 1463 1650 corr.
1492 1619 1594 1650 cum
1622 1606 1795 1650 Torino
1829 1610 1877 1650 et

279 1609 403 1653 taria
421 1609 513 1653 duo
533 1608 642 1659 vini,
662 1609 774 1652 utin
790 1607 1034 1664 coquendo

278 1667 415 1713 melle
431 1668 587 1712 vinum
603 1667 904 1723 decoquatur.
923 1667 1035 1711 For-

277 1731 404 1772 tasse
447 1741 552 1783 per
595 1727 795 1771 librariis
839 1726 1036 1770 debetur

276 1800 362 1843 pro
394 1790 435 1843 p*
460 1787 487 1830 i.
514 1800 554 1832 e.
580 1786 949 1846 pondoulibrae.
979 1810 1032 1816 —

274 1846 625 1903 praemissis
645 1859 751 1900 exy.
772 1859 857 1902 pro
877 1857 1034 1901 prae-

274 1906 458 1951 missi.
493 1907 551 1950 in
583 1905 1034 1961 praemissisin-

276 1966 345 2010 de
391 1965 462 2010 ed.
509 1979 579 2022 pr.
626 1990 671 1994 —-
729 1969 1034 2009 cocturam

278 2025 415 2069 codd.
453 2050 506 2055 ——
541 2023 739 2069 ferola
764 2029 811 2068 et
836 2023 1035 2068 ferula

278 2084 415 2129 codd.
445 2109 499 2114 -υ
533 2088 725 2127 actum
758 2084 804 2127 in
833 2084 1033 2140 quinque

277 2144 413 2188 codd.
448 2147 500 2187 ut
534 2146 774 2195 ‚‚eoctum“
819 2143 920 2186 169.
961 2147 1034 2187 est

276 2202 346 2254 „si
378 2206 561 2246 coctum
597 2207 711 2246 est“.
756 2227 809 2231 —
851 2202 897 2245 in
940 2214 1033 2245 am*

273 2266 444 2317 putat-a
489 2260 631 2316 Apici
674 2260 885 2304 ora-tione
926 2274 1033 2316 sup-

272 2321 405 2377 pleas
441 2320 636 2371 „addis“
670 2320 744 2364 vel
791 2320 1031 2371 ‚‚misces“.

274 2405 328 2410 —-
394 2380 676 2435 dragmae
748 2378 1031 2435 singulae

276 2439 413 2482 codd.
449 2443 497 2484 et
527 2439 639 2482 iam
660 2439 813 2482 triti.
836 2443 887 2482 et
911 2451 1030 2481 cum

273 2497 388 2553 pip.
424 2523 478 2528 —
521 2498 597 2541 iis
630 2498 890 2553 denique
924 2511 980 2541 ex
1013 2498 1032 2545 ζ

272 2569 359 2612 pro
407 2556 746 2612 iisdemque
793 2556 869 2600 vel
909 2556 1030 2600 his-

275 2615 416 2660 dem.
466 2640 511 2646 —-
564 2615 863 2660 emollitis
896 2629 954 2659 ex
985 2619 1028 2666 β,

272 2687 358 2730 pro
406 2673 698 2718 mollitis.
753 2698 805 2703 —
863 2674 1029 2718 levis

274 2746 391 2777 corr.
410 2733 682 2789 prolenis.
703 2758 747 2763 —
776 2732 1029 2777 aderunt

274 2805 331 2836 ex
363 2796 420 2848 βγ
450 2805 534 2847 pro
568 2791 803 2836 addere.

361 2851 423 2894 ad
455 2852 494 2894 2.
529 2864 708 2907 porro
741 2849 771 2893 f.
807 2864 922 2895 corr.
940 2864 1026 2906 pro

202 2943 206 2947 .
271 2909 555 2965 proferas
587 2910 662 2956 vel
688 2908 923 2955 inferas
949 2910 1021 2956 ed.

1128 1666 1261 1711 Conr.
1290 1665 1496 1711 Gesnero
1521 1666 1566 1709 in
1594 1678 1737 1722 marg.
1766 1665 1874 1710 edit·

1126 1726 1327 1770 humelb.
1360 1726 1484 1781 quod
1512 1725 1747 1781 exemplar
1771 1724 1876 1768 Bai-

1127 1786 1215 1830 teri
1247 1785 1479 1829 amicitiae
1513 1784 1675 1829 debeo.
1718 1784 1876 1840 placet

1128 1845 1267 1890 etiam
1291 1843 1454 1888 Barthi
1484 1857 1715 1888 suasum
1743 1843 1859 1888 erit

1128 1930 1180 1935 —
1210 1903 1556 1949 solitiorem
1585 1903 1720 1948 codd.
1743 1915 1875 1959 prae-

1127 1967 1199 2008 ter
1231 1964 1302 2008 ed.
1337 1977 1403 2018 pr.

1215 2024 1277 2067 ad
1299 2024 1339 2066 3.
1391 2036 1503 2067 corr.
1530 2034 1615 2077 pro
1641 2021 1875 2066 conditi

1127 2083 1415 2127 camerini
1491 2082 1640 2125 minus
1721 2081 1875 2125 audax

1127 2155 1263 2199 quam
1306 2143 1440 2186 Hum.
1484 2140 1559 2197 qui
1595 2140 1874 2192 „absinthia-

1125 2207 1221 2245 tum
1249 2226 1301 2231 ->
1324 2200 1513 2245 condito
1533 2200 1778 2251 camerino,
1805 2213 1874 2245 re·

1126 2265 1262 2316 cepto
1284 2260 1441 2316 utique
1466 2273 1549 2314 pro
1573 2258 1873 2310 absinthiato‚

1125 2323 1379 2363 cessante“.
1453 2318 1606 2361 Lister
1646 2318 1871 2373 explicat:

1123 2392 1207 2434 pro
1241 2377 1475 2421 absinthio
1509 2375 1796 2421 conficiendo
1825 2381 1873 2422 et

1124 2451 1215 2493 quo
1234 2451 1367 2481 nemo
1388 2437 1476 2480 iam
1496 2440 1576 2479 aut
1589 2436 1723 2491 pauci
1738 2440 1871 2479 utun-

1122 2502 1211 2548 tur,
1229 2510 1392 2551 nempe
1409 2496 1499 2539 isto
1519 2496 1749 2539 camerino
1765 2509 1871 2539 con-

1123 2556 1222 2600 dito
1255 2557 1346 2599 iam
1378 2555 1637 2610 antiquato,
1670 2555 1716 2598 in
1743 2554 1871 2599 cuius

1121 2615 1267 2659 vicem
1308 2614 1399 2658 hoc
1441 2627 1681 2657 romanum
1715 2614 1871 2658 condi-

1120 2678 1217 2718 tum
1249 2674 1316 2717 sic
1347 2673 1506 2717 facies.
1545 2698 1598 2703 —-
1636 2686 1750 2716 corr.
1783 2685 1869 2727 pro

1119 2733 1480 2788 terendique
1529 2745 1585 2776 ex
1630 2732 1746 2775 Plin.
1798 2730 1867 2782 14,

1121 2793 1220 2835 112.
1273 2792 1390 2835 coni.
1441 2791 1550 2835 olim
1591 2790 1867 2842 „caesonio“

1120 2852 1411 2896 caesoniano.
1426 2850 1639 2894 Caesonii
1648 2849 1715 2893 rei
1731 2849 1860 2892 rusti-

1120 2923 1201 2955 cae
1223 2910 1473 2971 scriptores
1493 2921 1564 2968 ap.
1579 2907 1754 2953 Colum.
1771 2909 1809 2959 1,
1822 2907 1866 2961 4,
