2066 3276
911 256 1164 305 Praefatio.
1801 258 1830 313 7

240 393 388 448 dices
429 398 704 448 msssunt
738 392 950 461 quidem
991 393 1026 446 ii
1066 410 1285 447 numero
1328 391 1617 446 admodum
1657 393 1834 463 pauci,

238 482 336 537 sed
387 483 635 551 quoniam
684 483 773 537 alii
828 500 945 537 cum
998 482 1116 536 aliis
1158 487 1265 536 tam
1304 482 1358 536 in
1398 482 1573 536 multis
1613 482 1834 537 truncis·

239 589 340 640 que
379 572 621 642 partibus
664 590 821 641 quam
859 572 912 625 in
953 571 1279 643 prodigiosis
1334 572 1524 625 erratis
1572 576 1834 642 perpetuo

237 661 350 717 fere
390 666 577 717 tenore
620 661 935 717 exhibendis
976 662 1195 716 mirifice
1237 661 1591 729 consentiunt,
1634 661 1725 715 alii
1765 662 1833 716 ab

238 751 317 804 his
356 751 410 805 in
449 755 671 818 utraque
711 768 769 806 re
808 751 1075 805 interdum
1114 751 1244 804 haut
1280 768 1471 820 parum
1507 751 1832 820 discrepant,

238 857 331 894 eos
382 857 556 908 neque
612 857 680 894 ex
732 857 835 894 uno
889 857 1063 909 neque
1119 858 1185 896 ex
1237 839 1400 895 valde
1437 842 1614 896 multis
1656 858 1833 896 exem-

235 929 475 1000 plaribus
503 929 804 999 descriptos
834 929 1000 984 fuisse
1025 930 1352 984 censendum
1384 935 1478 985 est.
1509 935 1630 984 sunt
1658 930 1834 999 etiam,

237 1018 305 1073 de
344 1019 584 1088 pluribus
624 1020 698 1074 ita
739 1037 860 1074 esse
899 1025 1045 1090 put0,
1101 1036 1263 1073 manu
1302 1019 1593 1074 admodum
1632 1020 1835 1075 recenti

237 1108 437 1178 scripti,
479 1108 711 1178 ideoque
754 1126 847 1164 eos
888 1114 1071 1180 utpote
1112 1111 1180 1164 ab
1220 1108 1451 1164 indoctis
1484 1109 1714 1165 librariis
1744 1127 1833 1166 ex-

234 1203 413 1252 aratos
453 1198 594 1252 vitiis
635 1204 844 1254 scatere
884 1199 1099 1254 minime
1139 1199 1326 1253 mirum
1362 1204 1459 1267 est,
1503 1200 1694 1268 quibus
1721 1199 1833 1268 qui-

235 1286 360 1341 dem
412 1287 684 1343 codicibus
734 1289 942 1343 etiamsi
993 1289 1154 1358 paulo
1214 1287 1577 1356 frequentiora
1637 1288 1836 1344 menda

234 1375 591 1447 irrepsissent,
653 1378 1065 1432 condonandum
1126 1383 1268 1433 esset
1325 1378 1642 1446 hominibUS‚
1714 1396 1831 1433 cum

234 1465 434 1520 ibidem
475 1466 543 1521 de
584 1472 700 1522 arte
738 1472 1052 1522 tractaretur
1087 1467 1188 1521 sibi
1222 1468 1530 1535 neutiquam
1562 1468 1834 1523 intellecta

237 1559 289 1608 et
326 1554 381 1608 in
418 1573 522 1624 qua
555 1573 719 1610 voces
753 1573 919 1626 saepe
952 1562 1292 1611 occurrerent
1321 1561 1472 1611 extra
1499 1574 1831 1612 communem

236 1660 387 1697 usum
426 1645 654 1713 positae,
698 1647 975 1714 obscurae,
1017 1647 1120 1701 nisi
1160 1646 1382 1701 medicis
1425 1651 1476 1701 et
1506 1647 1689 1715 coquis
1717 1646 1831 1700 fere

235 1733 525 1788 inauditae.
581 1735 759 1789 labem
807 1736 1122 1790 immensam
1172 1753 1329 1804 quam
1382 1737 1688 1806 exemplum
1727 1736 1831 1806 pri-

235 1823 471 1876 mitivum
512 1841 730 1893 passum
772 1830 852 1880 est
900 1827 1211 1896 superstites
1251 1826 1369 1880 libri
1409 1826 1593 1896 scripti
1631 1843 1831 1894 nequa·

238 1929 396 1980 quam
435 1914 622 1968 tollere
662 1915 859 1970 valent.
907 1919 1184 1970 truncata-e
1224 1932 1386 1970 voces
1428 1920 1700 1970 extremae
1740 1933 1831 1969 an-

235 2001 424 2071 cipites
476 2004 735 2058 lectiones
783 2005 1087 2073 relinquunt
1134 2007 1286 2074 isque
1344 2022 1630 2075 perversus
1690 2023 1831 2060 com-

232 2092 551 2161 pendiorum
600 2111 749 2148 amor
796 2096 990 2149 multas
1043 2096 1225 2150 turbas
1279 2095 1445 2164 dedit,
1499 2096 1596 2151 sed
1647 2097 1831 2166 plures

233 2181 499 2236 dederunt
548 2184 893 2252 periodorum
947 2185 1266 2254 fragmenta,
1324 2187 1573 2240 concisae
1635 2192 1688 2241 et
1740 2187 1831 2241 ab-

237 2276 430 2340 ruptae
483 2273 710 2342 periodi,
761 2280 816 2327 ut
868 2275 1085 2344 saepius
1132 2275 1223 2328 vix
1277 2276 1389 2329 erui
1440 2276 1613 2345 possit
1651 2293 1831 2344 quem-

231 2361 520 2415 admodum
573 2365 738 2416 verba
797 2369 1182 2417 construantur.
1245 2364 1593 2418 divinandum
1649 2365 1831 2433 itaque

233 2455 286 2504 et
335 2456 458 2519 post
505 2452 699 2504 malam
753 2457 995 2520 segetem
1047 2452 1351 2507 serendum.
1418 2471 1695 2508 recurrere
1749 2459 1832 2509 est

230 2539 396 2592 satius
451 2557 608 2607 quam
661 2542 800 2594 male
855 2558 1083 2595 currere.
1140 2541 1434 2611 discipulus
1497 2549 1577 2597 est
1636 2544 1829 2612 prioris

230 2629 496 2697 posterior
536 2629 668 2682 dies,
711 2647 877 2698 saepe
911 2631 1049 2683 ultra
1078 2636 1234 2700 septa
1273 2631 1675 2686 transiliendum
1717 2638 1831 2686 erat

230 2717 561 2787 pedetentim
602 2719 890 2772 incedenti.
932 2719 1093 2773 illotis
1133 2720 1364 2789 pedibus
1404 2739 1512 2774 non
1551 2722 1828 2790 ingressus

231 2824 347 2861 sum
396 2807 450 2859 in
503 2807 659 2860 istam
712 2813 951 2861 veterum
1005 2810 1235 2863 culinam
1289 2816 1341 2863 et
1391 2810 1543 2880 quasi
1588 2811 1643 2864 in
1684 2810 1827 2865 dolio

229 2896 529 2966 figulariam
570 2897 750 2967 didici,
794 2915 911 2952 cum
947 2899 1186 2953 Minerva
1208 2917 1424 2955 manum
1449 2917 1660 2971 quoque
1686 2900 1829 2957 movi
