2066 3276
244 203 248 207 ἣ
267 233 336 287 72
792 230 890 277 Lib.
910 230 987 275 IV.
1050 231 1321 278 Pandectcs.

270 371 412 446 [vini]
455 366 601 438 passi
643 366 851 434 ciatum‚
892 366 1068 418 mittes
1106 364 1161 417 in
1202 366 1545 419 caccabulum
1594 369 1696 423 olei
1735 362 1865 424 unc.

265 450 363 503 ΙΙΙ,
416 443 523 498 illic
576 441 796 494 ferveat.
873 441 1187 506 Perungues
1239 439 1494 509 patinam,
1545 443 1599 495 in
1649 462 1713 499 ea
1754 463 1855 499 ova

263 524 354 576 VI.
413 535 531 574 cum
573 531 844 581 oenogaro
899 514 1106 579 misceS,
1164 530 1281 565 cum
1330 530 1457 566 suco
1511 521 1764 588 asparagi
1812 522 1855 573 si

265 597 493 665 inpones
535 591 711 644 cinere
753 587 944 654 calid0‚
986 587 1160 639 mittes
1193 587 1471 657 inpensam
1500 606 1662 658 supra
1695 594 1855 662 scrip-

263 677 389 736 tam,
429 674 555 721 tunc
596 662 835 716 ficetulas
877 677 1164 730 conpones
1211 677 1421 728 coques,
1479 665 1634 733 piper
1674 685 1855 737 aspar-

265 747 348 813 gis
389 748 441 797 et
477 739 692 794 inferes

380 818 497 870 126,
563 812 729 864 Aliter
768 808 1004 881 patina
1057 807 1132 860 de
1173 813 1583 880 asparagis:
1653 816 1856 871 adicies

263 893 318 946 in
356 888 661 944 mortarium
703 899 1091 954 asparagorum
1123 884 1460 952 praecisuras
1491 887 1645 959 [quae
1684 892 1855 961 proci-

266 964 494 1036 duntur],
535 967 693 1025 tereS‚
736 956 1011 1011 suffundes
1052 956 1246 1022 vinum,
1279 959 1567 1016 colasteres
1598 965 1765 1035 piper,
1797 966 1855 1018 li-

265 1042 529 1110 gisticum‚
573 1031 906 1089 coriandrum
948 1029 1134 1098 viride,
1176 1034 1478 1102 satureiam,
1535 1055 1740 1109 cepam,
1782 1040 1855 1092 vj-

264 1133 406 1182 num,
448 1114 718 1180 liquamen
760 1110 811 1160 et
851 1106 1038 1158 oleum.
1094 1121 1279 1157 sucum
1330 1110 1619 1166 transferes
1670 1113 1723 1165 in
1763 1132 1856 1185 pa-

263 1191 443 1245 tellam
494 1187 806 1258 perunctam
860 1184 911 1232 et
950 1179 995 1232 si
1033 1179 1263 1231 volueris
1314 1197 1430 1250 ova,
1486 1185 1746 1241 dissolves
1787 1187 1857 1241 ad

264 1266 446 1333 ignem
485 1267 542 1314 ut
582 1258 798 1324 obliget.
842 1254 997 1323 piper
1037 1252 1289 1305 minutum
1331 1274 1607 1326 asparges.

382 1338 502 1390 127.
567 1328 766 1406 [Aliter]
822 1327 1066 1380 Patinam
1122 1344 1188 1379 ex
1236 1331 1443 1384 rusticis
1502 1334 1614 1388 sive
1665 1337 1857 1390 tamnis

261 1413 378 1467 sive
432 1408 622 1477 senapi
674 1402 829 1457 viridi
881 1401 993 1454 sive
1047 1417 1328 1456 cucumere
1382 1407 1494 1460 sive
1544 1410 1744 1467 coliclis
1783 1412 1858 1465 ita

258 1574 585 1628 alteracalida
601 1577 806 1630 paratur,
837 1580 1018 1630 postre-

260 1650 337 1680 mo
371 1636 705 1680 commiscetur.
733 1660 784 1664 ——
817 1640 874 1679 et
896 1636 1018 1679 mit-

261 1701 282 1740 t
299 1709 357 1740 es
391 1696 451 1739 ad
483 1696 635 1751 ignem
669 1708 828 1750 pones.
857 1721 908 1724 —
933 1694 1018 1738 ‘fe-

263 1755 491 1800 citulas
525 1759 602 1805 βπ.
622 1753 795 1798 fecet.
830 1751 901 1798 ὅθ.
936 1753 1018 1798 fe-

263 1815 380 1859 ced.
400 1831 436 1869 γ.
471 1812 646 1858 ficed.
684 1811 1016 1861 ζ.61“.134.384.

260 1873 446 1918 Lachm.
493 1873 555 1916 ad
593 1874 774 1916 Lucret.
809 1874 850 1922 3,
887 1873 1016 1917 1014.

262 1931 463 1978 ficedula
517 1932 698 1988 vulgari
747 1931 898 1976 forma
947 1938 1018 1976 est

262 2006 335 2048 ap.
369 1993 484 2036 Plin.
508 1993 578 2043 10,
596 1993 664 2035 86.
700 1992 831 2035 Mart.
856 1992 925 2043 13,
943 1992 1015 2035 49.

260 2052 464 2096 Macrob.
511 2056 596 2095 sat.
645 2053 687 2102 3,
733 2052 801 2102 13,
837 2052 905 2093 12.
946 2052 1018 2095 cui

262 2110 521 2167 respondet
550 2111 834 2155 Graecorum
860 2124 1016 2155 recen-

263 2171 378 2214 tium
424 2173 626 2222 συκοῳᾶς,
674 2168 1016 2224 feigenfresscr.

262 2243 286 2273 c
305 2234 475 2273 urtas
525 2242 618 2273 non
665 2229 870 2284 integras
916 2229 1014 2280 134,

243 2293 393 2333 ·totae
427 2288 546 2332 enim
577 2288 716 2342 vulgo
743 2287 1014 2338 edebantur,

264 2347 380 2393 Gell.
419 2347 487 2398 15,
521 2348 562 2398 8,
588 2348 629 2390 2.
664 2351 909 2391 curatas
943 2347 1013 2390 ed.

261 2407 316 2450 H.
338 2432 391 2438 -
410 2420 495 2462 pro
530 2419 632 2450 sex
663 2406 709 2448 in
741 2406 874 2449 codd.
898 2406 1014 2450 sed.

262 2491 315 2496 —-
349 2466 673 2520 asparagis
706 2465 832 2520 imp.
879 2465 1013 2508 codd.

263 2525 329 2567 sic
361 2525 410 2568 si
442 2525 615 2579 passim
648 2524 918 2579 absorptum
946 2525 1012 2567 15.

263 2583 334 2627 90.
371 2583 468 2626 189.
505 2583 603 2626 207.
626 2583 738 2630 236.

353 2642 415 2685 ad
435 2642 532 2684 126.
568 2654 685 2695 asp.
710 2642 1016 2696 praecisu-

261 2714 354 2744 ras
375 2713 634 2756 asparagos
652 2700 901 2754 praecisos,
924 2699 1016 2744 fru-

261 2760 421 2803 statim
453 2759 679 2803 concisos.
714 2772 865 2814 quae
892 2772 1016 2813 pro-

263 2818 563 2870 ciduntur,
586 2822 638 2861 ut
659 2818 766 2873 lego
786 2831 870 2873 pro
891 2831 1015 2872 pro-

261 2877 312 2922 ic
324 2877 337 2920 i
349 2891 378 2920 u
391 2891 419 2919 n
433 2882 452 2920 t
466 2891 494 2921 u
508 2891 542 2928 r,
586 2881 806 2933 tanquam
840 2877 1016 2933 glosse-

1109 1587 1184 1618 ma
1215 1574 1390 1617 inclusi.
1430 1598 1479 1603 —
1514 1579 1752 1620 teres—
1773 1589 1857 1620 co-

1109 1635 1196 1678 las
1239 1635 1460 1678 omittunt
1507 1648 1586 1678 sex
1633 1635 1751 1678 libri.
1803 1659 1856 1665 --

1111 1707 1222 1738 ova
1267 1694 1446 1744 misces,
1504 1693 1693 1748 frangis,
1742 1694 1858 1738 dis-

1110 1754 1315 1798 solves
1347 1753 1503 1798 solves
1525 1755 1623 1797 119.
1657 1754 1701 1796 ni
1725 1754 1857 1797 malis

1109 1814 1298 1869 iungere
1349 1826 1465 1865 „ova
1513 1812 1755 1864 dissolves,
1797 1813 1857 1857 ad

1108 1873 1288 1929 ignem“
1331 1872 1427 1916 scil.
1461 1885 1618 1927 pones.

1199 1933 1259 1976 ad
1281 1933 1376 1975 127.
1412 1931 1611 1976 Aliter
1634 1931 1750 1975 bene
1769 1946 1855 1975 om.

1109 1996 1150 2043 β.
1188 2017 1231 2021 --
1284 1992 1533 2035 rusticis
1570 1991 1723 2035 herbis
1760 1992 1854 2034 101.

1109 2051 1399 2095 silvestribus
1447 2055 1494 2095 et
1542 2055 1708 2105 sponte
1755 2063 1857 2094 nas-

1111 2111 1335 2162 centibus,
1352 2110 1508 2166 ἇγρίαις
1526 2110 1680 2153 Diosc.
1701 2111 1741 2160 2,
1757 2110 1854 2153 147.

1110 2170 1372 2225 agrestibus
1430 2169 1681 2213 secundum
1728 2169 1855 2212 Flav.

1108 2229 1227 2283 Vop.
1278 2229 1324 2272 in
1371 2229 1517 2271 Tacit.
1556 2229 1622 2270 11.
1672 2234 1858 2282 praeter

1106 2288 1320 2338 malvam,
1353 2288 1562 2338 urticam,
1596 2287 1773 2338 blitum,
1797 2288 1854 2330 al.

1109 2346 1183 2400 (cf.
1227 2360 1329 2391 mea.
1378 2347 1514 2391 Olera
1560 2360 1604 2401 p.
1651 2347 1720 2389 11.
1767 2347 1855 2399 12.)

1109 2406 1322 2450 cramben
1369 2419 1450 2450 seu
1497 2405 1749 2449 brassicam
1801 2419 1856 2449 ex

1106 2465 1265 2508 Diosc.
1332 2466 1359 2508 l.
1411 2465 1437 2508 l.
1492 2464 1751 2518 intelleges.
1801 2489 1854 2494 —

1107 2525 1307 2567 tannis
1350 2528 1426 2575 βπ.
1472 2523 1693 2566 camnis
1728 2523 1747 2570 ζ
1787 2523 1856 2576 (li-

1106 2583 1286 2627 brarius
1349 2582 1542 2626 volebat
1602 2586 1621 2624 t
1635 2594 1661 2624 a
1674 2595 1716 2624 m
1731 2582 1787 2625 ni
1800 2582 1854 2625 sl.

1106 2642 1255 2685 tinis
1300 2641 1370 2685 ed.
1415 2655 1482 2696 pr.
1517 2641 1638 2684 unde
1673 2641 1854 2696 cymis

1107 2699 1219 2745 fecit
1279 2701 1412 2744 Hum.
1476 2700 1637 2755 planta
1687 2703 1853 2753 sponte

1106 2773 1315 2809 nascens,
1347 2758 1499 2802 adhuc
1538 2763 1680 2801 tanno
1713 2757 1852 2807 dicta,

1108 2823 1155 2862 et
1195 2819 1240 2861 in
1284 2818 1480 2861 rusticas
1526 2829 1692 2860 coena-s
1731 2816 1853 2858 lecta

1106 2877 1232 2923 varie
1266 2876 1481 2921 scribitur
1513 2879 1560 2919 et
1591 2874 1718 2934 apud
1735 2874 1849 2923 Plin.
