2066 3276
304 217 373 273 58
839 222 941 268 Lib.
974 223 1055 268 ΙΙΙ.
1121 224 1341 281 Cepuros.

418 353 505 408 75.
548 354 868 408 Oitrium:
910 355 975 408 sil
1007 360 1329 422 montanum,
1373 355 1488 423 silfi,
1528 360 1761 410 mentam
1793 355 1890 412 sic-

305 444 437 494 cam,
479 433 705 494 acetum,
745 429 1027 497 liquamen.

417 503 502 555 76.
548 502 995 562 Cucumeres:
1040 518 1347 557 cucumeres
1387 520 1536 556 rasos
1577 503 1689 556 sive
1730 520 1796 557 ex
1833 503 1890 557 li-

304 576 547 639 quamine
602 576 714 629 sive
764 593 832 628 ex
886 593 1175 643 cenogaro,
1229 576 1342 629 sine
1380 582 1531 630 ructu
1571 582 1623 630 et
1662 577 1891 644 gravitu-

303 647 427 703 dine
470 654 522 703 et
560 650 855 703 teneriores
890 650 1102 704 senties

417 723 500 775 77.
543 724 710 777 Aliter
751 741 1089 777 cucumeres:
1132 739 1281 776 rasos
1323 724 1546 777 elixabis
1589 741 1707 777 cum
1748 740 1891 778 cere-

301 795 455 849 bellis
509 798 678 865 elixiS,
733 797 924 852 cimino
981 803 1032 851 et
1083 799 1258 864 melle,
1312 798 1522 852 modico
1563 798 1653 867 api
1692 815 1892 864 semen,

301 868 587 935 liquamine
629 877 680 925 et
720 873 857 939 ole0,
902 872 1016 926 ovis
1058 871 1337 940 obligabis.
1374 872 1529 941 piper
1562 872 1806 942 aspargis
1842 876 1894 925 et

301 942 516 999 inferes.

415 1019 500 1072 78.
542 1020 709 1074 Aliter
750 1036 1085 1074 cucumeres:
1140 1019 1312 1088 piper,
1364 1018 1614 1088 puleium,
1666 1019 1771 1072 mel
1809 1020 1894 1073 vel

300 1107 536 1160 passum,
577 1094 847 1162 liquamen
890 1100 941 1148 et
982 1098 1207 1161 acetum,
1261 1093 1524 1147 interdum
1579 1098 1629 1147 et
1668 1092 1767 1146 silfi
1806 1110 1892 1149 ac-

303 1165 458 1219 cedit.

414 1242 498 1294 79.
560 1242 873 1309 Pepones
927 1246 991 1294 et
1029 1240 1370 1294 melones:
1431 1240 1602 1309 piper,
1644 1240 1892 1308 puleium,

302 1314 406 1366 mel
464 1316 550 1368 vel
608 1332 843 1383 passum,
903 1315 1188 1382 liquamen,
1249 1320 1474 1382 acetum,
1534 1314 1795 1368 interdum
1843 1321 1895 1370 et

299 1387 399 1441 silfi
440 1389 663 1443 accedit.

413 1464 498 1517 80,
542 1464 839 1517 Malvas:
892 1463 1095 1515 malvas
1135 1462 1366 1517 minores
1408 1462 1475 1517 de
1517 1480 1684 1531 grano
1728 1481 1794 1518 ex
1833 1464 1891 1517 li-

301 1611 428 1656 bitur
473 1612 793 1662 calamentum,
838 1611 1052 1655 calamin-

302 1670 446 1723 thum,
483 1671 776 1723 calaminthe‚
797 1671 1051 1730 bisamthy·

299 1731 421 1774 mian
440 1736 459 1774 Ῥ

391 1790 452 1834 ad
491 1790 558 1834 75.
612 1791 800 1834 Lemma
841 1790 886 1834 in
919 1795 949 1841 ῥ’
981 1795 1052 1834 est

301 1849 599 1894 citrinum.
644 1850 776 1894 Hum.
822 1863 935 1894 corr.
972 1850 1051 1893 ci·

296 1909 464 1953 trini.
516 1923 728 1954 cucumes
778 1910 941 1960 citrini,
991 1909 1050 1952 ci-

298 1968 662 2024 tronengurken,
709 1982 802 2013 non
843 1968 1050 2012 cucurbi-

297 2032 374 2071 tae
423 2028 594 2072 citrulli
635 2029 684 2072 L.
734 2027 1049 2072 wassermelo-

297 2100 401 2138 nel]‚
435 2087 575 2131 hodie
608 2087 859 2142 καρποὺσια.
894 2085 950 2130 Cf.
978 2089 1047 2129 21.

297 2146 398 2190 175.
434 2145 481 2191 C.
510 2146 686 2192 Gesner
716 2147 762 2191 in
794 2159 938 2201 marg.
974 2159 1049 2189 ex-

294 2204 454 2260 plicat.
493 2206 775 2258 „citrullus“‚
809 2205 937 2261 quod
967 2218 1048 2248 no-

295 2277 399 2308 men
434 2264 735 2308 derivandum
769 2277 797 2307 a
830 2265 974 2308 citreo
1002 2268 1049 2307 et

296 2323 341 2366 in
376 2323 472 2366 ital.
509 2324 706 2373 citriulo,
740 2323 903 2378 gurke,
938 2323 1047 2367 etin

294 2381 447 2436 gallic.
484 2383 727 2432 citrouille,
751 2382 952 2433 kiirbiss,
986 2381 1045 2425 ob

295 2441 642 2485 similitudinem
692 2440 868 2485 fructus
916 2441 1043 2484 abiit.

296 2499 477 2543 medico
511 2513 585 2555 ap.
618 2500 850 2544 Ideler.II.
881 2513 924 2555 p.
945 2500 1046 2549 260,

298 2558 364 2602 13.
407 2558 477 2600 24.
527 2563 574 2602 et
619 2572 662 2613 p.
698 2559 798 2609 266,
842 2560 908 2601 12.
955 2557 1047 2601 dici

292 2616 479 2660 videtur
496 2622 641 2673 κίτρον
675 2617 802 2660 cuius
821 2630 927 2660 caro
946 2618 1044 2660 sine

295 2675 466 2719 cortice
500 2682 547 2719 et
577 2680 737 2719 cortex
754 2689 836 2730 per
853 2689 902 2719 se
922 2689 1042 2719 com-

293 2735 549 2778 mendatur.
597 2733 654 2778 cf.
698 2735 814 2777 Plin.
861 2735 929 2785 19,
973 2735 1040 2777 71.

291 2793 363 2843 20,
416 2794 485 2838 12.
535 2819 578 2823 ——
634 2793 710 2837 sil
750 2797 920 2838 mont.
953 2793 1041 2837 erit

291 2851 455 2915 planta
487 2852 545 2896 de
578 2860 670 2909 qua
701 2852 772 2903 35,

1232 1611 1293 1655 ad
1328 1612 1394 1656 76.
1450 1615 1507 1656 et
1548 1625 1576 1656 a
1620 1613 1779 1658 vicinis
1812 1612 1891 1658 ab·

1142 1676 1353 1727 sorptum
1386 1671 1562 1716 addidi.

1232 1731 1293 1774 ad
1329 1732 1395 1774 77.
1442 1732 1679 1775 modico
1713 1731 1892 1775 seiunxi

1142 1803 1170 1834 a
1204 1790 1409 1841 „melle“,
1442 1795 1494 1834 ut
1525 1791 1586 1834 sit
1631 1795 1766 1846 „post
1797 1804 1891 1835 moz

1143 1849 1320 1894 dicum“
1370 1849 1591 1906 Pelagon.
1640 1851 1679 1893 5.
1729 1863 1771 1905 p.
1817 1850 1889 1894 27.

1146 1909 1310 1964 „paulo
1343 1912 1494 1962 post“.
1529 1909 1650 1952 idem
1678 1907 1771 1952 feci
1791 1910 1889 1960 162,

1143 1969 1239 2012 186.
1279 1968 1379 2015 194.
1413 1969 1512 2012 216.
1546 1968 1767 2012 301.318.
1787 1969 1886 2012 398.

1140 2028 1242 2071 337.
1275 2028 1341 2071 sic
1373 2032 1559 2072 anetum
1582 2027 1780 2071 adicitur
1796 2040 1888 2071 me-

1142 2087 1219 2130 dia
1253 2091 1442 2131 coctura
1474 2088 1572 2131 213.
1608 2087 1707 2130 216.
1749 2086 1809 2130 ad
1841 2085 1889 2130 id

1139 2145 1309 2189 adiect.
1369 2146 1592 2201 temporis
1641 2144 1698 2189 cf.
1746 2159 1887 2190 verno

1142 2205 1238 2248 103.
1251 2206 1493 2256 matutino,
1503 2204 1720 2249 hesterno
1734 2204 1887 2259 (Klein

1139 2264 1198 2306 ad
1217 2264 1428 2307 Lambini
1444 2263 1667 2308 Emendd.
1688 2264 1884 2307 Tullian.

1138 2336 1180 2377 p.
1219 2323 1338 2380 159.)
1379 2347 1434 2354 -
1480 2323 1612 2367 ovis
1646 2336 1763 2367 corr.
1798 2336 1883 2378 pro

1138 2381 1244 2425 bis.
1280 2407 1331 2412 ——

1226 2440 1286 2483 ad
1318 2441 1389 2483 80.
1432 2440 1498 2483 de
1530 2453 1720 2495 grano
1754 2440 1886 2483 resti»-

1136 2499 1205 2542 tui
1253 2513 1337 2554 pro
1395 2500 1527 2542 Hum.
1577 2511 1883 2554 senogaro.

1136 2558 1300 2613 supple
1351 2558 1605 2612 „obligas“,
1661 2556 1736 2601 vel
1786 2570 1884 2610 „su-

1135 2616 1398 2671 pe1·fundis“
1440 2618 1509 2659 86.
1560 2617 1605 2659 in
1652 2616 1883 2659 medulam

1135 2676 1279 2718 mittis
1322 2677 1390 2719 91.
1436 2680 1508 2719 est
1546 2689 1657 2719 vero
1689 2687 1883 2730 granum

1134 2734 1253 2777 alica
1286 2735 1526 2789 quaedam,
1570 2733 1880 2788 spelzgrueze‚

1134 2793 1493 2848 comparandum
1571 2805 1672 2835 cum
1745 2790 1881 2845 τράγῳ

1131 2865 1315 2916 graeco.
1336 2850 1392 2895 cf.
1416 2851 1530 2895 Plin.
1555 2851 1623 2905 18,
1644 2851 1739 2894 116.
1777 2851 1874 2898 Cat.
