2066 3276
293 230 365 285 42
822 232 920 279 Lib.
955 231 1011 278 11.
1074 231 1335 292 Sarcoptes

406 367 494 421 43.
550 366 769 421 Isicia
810 372 1189 422 omentata:
1242 368 1463 436 pulpam
1503 368 1770 422 concisam
1809 373 1884 423 te-

294 458 397 508 τοῦ,
441 459 558 496 cum
598 442 813 496 medula
852 442 1079 510 siligine,
1118 442 1172 493 in
1212 442 1369 495 vineo
1408 441 1585 495 infusu
1616 443 1785 512 piper,
1825 444 1884 497 li-

297 533 544 583 quamen,
598 516 643 570 si
693 517 827 570 velis
877 522 929 570 et
981 518 1169 570 bacam
1226 517 1413 569 mirtae
1467 521 1887 585 extemperatam

294 591 448 643 simul
490 595 751 644 conteres
794 591 987 662 pusilla
1025 590 1178 643 isicia
1217 589 1467 644 formabis
1506 590 1644 644 intus
1683 592 1885 646 nucleis

298 669 350 718 et
387 664 576 733 pipere
616 664 820 733 positis,
861 665 1099 718 involuta
1138 669 1348 717 omento
1390 665 1712 733 subassabis,
1769 682 1886 719 cum

294 755 544 808 gameno,

405 814 492 866 44.
535 812 759 866 Isicia
797 813 1034 882 plena:
1077 811 1314 882 accipies
1355 811 1544 881 adipes
1584 811 1779 867 fasiani
1806 830 1885 867 re-

295 892 494 955 centeS,
536 887 830 971 praeduras
873 892 925 942 et
963 886 1099 941 facis
1140 904 1208 941 ex
1249 903 1312 940 eo
1352 888 1596 956 tessala8‚
1652 905 1769 941 cum
1807 888 1886 957 pi·

295 1036 422 1083 dicat
465 1037 610 1089 „haec
639 1037 770 1083 isicia
800 1038 906 1084 loco
946 1040 1048 1085 illo-

295 1111 395 1142 rum
429 1097 487 1143 de
521 1098 686 1155 quibus
719 1112 859 1155 supra
891 1098 1049 1144 inferri

294 1163 537 1214 possunt‘⁶,
562 1171 620 1202 an
645 1158 780 1210 „loco
805 1159 933 1204 sicii“
967 1172 1049 1204 seu

295 1218 605 1274 ‚‚impensae“,
650 1218 720 1262 als
764 1216 906 1270 farce,
949 1233 1044 1263 non

295 1273 527 1322 definiam.
589 1277 733 1322 Forte
796 1282 885 1330 „et
938 1292 1047 1333 pro

293 1336 371 1383 iis
403 1337 576 1382 siciis
608 1336 837 1382 inferes
866 1338 1049 1382 isicia

296 1402 629 1442 omentata:
701 1397 876 1441 conieci
939 1398 1047 1442 olim

298 1470 412 1512 „pro
444 1457 599 1500 incisis
631 1454 850 1508 infares‘'‚
892 1461 944 1501 ut
978 1470 1047 1502 es-

295 1520 369 1560 set
403 1530 516 1571 „pro
549 1516 703 1560 incisis
737 1517 852 1563 ovis.
882 1516 1048 1572 quibus

295 1576 482 1630 saepius
500 1575 750 1630 obligatur.
770 1576 909 1619 etiam
928 1574 1048 1620 farre

297 1634 508 1689 obligare
525 1639 707 1690 potes‘,
729 1634 772 1677 in
795 1647 930 1690 quam
953 1648 1047 1679 rem

296 1693 407 1738 alibi
441 1694 641 1738 amulum
676 1698 723 1738 et
745 1698 943 1738 tractum
968 1695 1048 1738 ad-

295 1752 492 1798 hibetur.
528 1755 583 1797 cf.
604 1753 673 1796 94.
699 1754 770 1796 95.
790 1754 889 1797 257.
923 1755 1047 1809 equi-

296 1813 398 1857 dem
435 1812 750 1857 contenderim
784 1826 869 1867 pro
894 1813 1047 1857 otioso

297 1870 522 1923 „inferes“
579 1872 765 1926 saepius
819 1871 1047 1923 „infares“

292 1931 320 1977 i.
356 1945 393 1977 e.
441 1930 592 1982 „farre
637 1931 849 1985 obliges“
892 1931 1047 1988 legen-

295 1991 404 2035 dum
437 2004 552 2036 esse.
577 2004 726 2046 neque
752 1991 957 2045 ineptum
982 1991 1048 2034 vi-

294 2050 431 2095 detur
471 2050 511 2094 si
552 2049 728 2093 scribas
769 2063 881 2105 „pro
915 2051 1048 2094 siccis

292 2108 509 2159 infares“,
556 2107 613 2153 cf.
640 2122 712 2153 res
746 2122 861 2164 quas
893 2109 937 2152 in
964 2110 1048 2153 sic-

294 2168 359 2212 cis
400 2172 640 2212 recensent
671 2168 905 2222 Excerpta
932 2167 1048 2223 Api-

295 2227 335 2271 ci
369 2227 414 2270 in
447 2232 609 2270 nostra
642 2226 775 2282 epist.
809 2227 1048 2270 dedicato-

293 2286 375 2329 ria.
442 2286 656 2330 Ceterum
704 2285 898 2329 eandem
951 2285 1047 2330 fere

295 2345 681 2399 compositionem
708 2344 921 2388 librarius
951 2346 1047 2400 qui—

293 2404 398 2447 dam
420 2404 710 2459 transposuit
726 2403 785 2446 ad
806 2404 932 2447 olera
949 2405 1044 2447 112.

292 2462 591 2507 similitudine
615 2462 813 2506 nominis
842 2462 1047 2507 eiusdem

294 2521 534 2576 deceptus.

381 2580 530 2624 ad43.
563 2579 885 2629 medullam
909 2581 1044 2625 et91.

292 2638 476 2682 variant:
507 2638 614 2682 libri
638 2638 756 2682 Plin.
775 2638 847 2689 32,
866 2640 934 2680 62.
954 2652 1046 2683 me-

292 2697 415 2741 diam
459 2698 649 2742 brevem
692 2710 794 2741 esse
826 2697 957 2741 vides
991 2711 1048 2741 ex

291 2755 471 2800 Auson.
508 2756 643 2811 epist.
676 2755 718 2798 4.
751 2756 812 2799 in.
846 2762 894 2803 et
911 2757 953 2806 9,
974 2757 1041 2799 18.

291 2811 581 2869 significatur
593 2814 810 2870 gallicum
825 2814 1042 2858 triticum.

293 2874 351 2921 de
369 2887 425 2919 eo
446 2873 626 2919 Galliae
650 2873 826 2933 populo
856 2872 912 2920 cf.
933 2873 1044 2917 For-

1138 1040 1271 1096 biger
1304 1039 1474 1096 Geogr.
1507 1039 1586 1084 III.
1619 1053 1663 1096 p.
1701 1040 1800 1083 163.
1832 1063 1884 1070 -

1140 1101 1317 1145 vineo
1363 1113 1476 1144 corr.
1521 1114 1606 1156 pro
1653 1100 1792 1144 vino
1841 1102 1889 1143 et

1138 1158 1342 1205 infusu
1382 1173 1467 1215 pro
1510 1158 1697 1203 infusi
1735 1164 1783 1205 et
1814 1158 1884 1202 51.

1139 1223 1187 1264 et
1227 1220 1439 1264 mirtae
1482 1233 1567 1271 pro
1610 1220 1789 1263 mirta
1831 1230 1888 1263 ex

1140 1279 1240 1322 273.
1274 1279 1373 1322 281.
1409 1278 1508 1322 286.
1541 1278 1643 1322 332.
1675 1278 1798 1322 mirti
1816 1277 1887 1322 24.

1138 1338 1166 1382 i.
1211 1352 1248 1382 e.
1292 1338 1443 1394 myrti.
1490 1342 1548 1382 et
1589 1342 1888 1393 tempera-

1139 1401 1254 1442 tam
1286 1413 1322 1451 γ.
1356 1396 1456 1441 flor.
1482 1402 1821 1442 extenteratam
1845 1400 1886 1447 β.

1139 1461 1429 1513 myrteam
1503 1461 1761 1512 extemp.
1842 1471 1886 1497 π.

1139 1517 1385 1560 mixtam
1420 1520 1479 1559 et
1510 1520 1678 1571 temp.
1714 1515 1771 1560 ed
1819 1528 1885 1570 pr.

1140 1575 1886 1620 exenterataminvenitHum.

1141 1647 1278 1690 quam
1315 1634 1517 1689 explicat-
1541 1635 1889 1684 decorticatam,

1139 1707 1167 1737 a
1210 1694 1381 1738 cortice
1412 1699 1672 1750 purgatam.
1717 1693 1778 1738 ad
1809 1706 1890 1736 no-

1139 1758 1283 1796 strum
1304 1753 1517 1808 particip.
1543 1758 1696 1798 mente
1724 1752 1889 1807 supple

1141 1813 1308 1863 „vin0“
1342 1817 1389 1855 et
1421 1812 1629 1868 intellige
1668 1811 1890 1868 myrtida-

1139 1885 1247 1914 num
1288 1871 1427 1914 Plinii
1474 1871 1542 1922 14,
1579 1871 1674 1916 104.
1718 1875 1890 1914 murta-

1139 1935 1235 1974 tum
1270 1930 1463 1973 Varron.
1498 1931 1546 1974 L.
1580 1931 1630 1974 L.
1665 1931 1705 1981 5,
1739 1931 1808 1973 22.
1842 1943 1886 1984 p.

1139 2004 1196 2033 m.
1233 1990 1328 2033 314.
1351 1990 1486 2033 Plinii
1507 1990 1576 2041 15,
1604 1990 1697 2033 118.
1734 2003 1789 2033 ex
1813 1989 1889 2033 sil-

1138 2050 1305 2093 vestris
1347 2049 1485 2105 myrti
1529 2049 1660 2093 bacis
1708 2047 1890 2093 confec-

1139 2112 1249 2151 tum.
1283 2107 1391 2152 hod.
1427 2108 1742 2155 mortadella
1730 2122 1773 2151 ln
1797 2108 1889 2151 Ita·

1138 2167 1214 2210 lia.
1252 2193 1303 2197 -—
1338 2167 1551 2222 pipere
1582 2167 1754 2223 piperis
1786 2179 1891 2223 gra-

1138 2226 1209 2270 nis
1251 2225 1320 2269 54.
1368 2251 1419 2257 -
1465 2239 1730 2282 garoeno
1771 2226 1799 2269 i.
1845 2239 1888 2281 q.

1140 2297 1377 2340 oenogaro
1426 2298 1540 2329 corr.
1589 2298 1674 2340 pro
1734 2297 1889 2329 care-

1138 2357 1226 2387 mo
1270 2344 1345 2388 vel
1404 2356 1676 2389 caroeno.
1724 2343 1889 2399 supple

1140 2401 1382 2454 „inferes·‘.

1227 2462 1289 2505 ad
1320 2461 1390 2503 44.
1446 2461 1779 2516 praedurae
1823 2461 1889 2504 in-

1139 2521 1266 2569 dura,
1301 2520 1496 2571 obdura,
1534 2521 1722 2575 paulum
1755 2519 1888 2575 frige,

1137 2586 1345 2623 nostrum
1388 2579 1627 2623 anbraten.
1674 2604 1726 2609 —-
1767 2583 1889 2622 tes-

1139 2639 1301 2682 selas
1343 2642 1386 2690 β.
1422 2638 1492 2682 ed.
1525 2652 1592 2693 pr.
1626 2637 1683 2682 H.
1717 2662 1769 2667 —-
1805 2649 1889 2681 ca-

1136 2711 1320 2741 roeno
1364 2697 1546 2742 misces.
1591 2721 1643 2727 —
1689 2696 1745 2738 in
1781 2695 1888 2738 isi-

1137 2756 1231 2800 cio
1264 2756 1542 2799 includes
1582 2754 1655 2798 vel
1688 2758 1760 2797 est
1804 2766 1889 2803 „ea

1137 2827 1292 2858 massa
1334 2814 1602 2864 intestinum
1645 2816 1886 2856 tenuatum

1136 2872 1348 2924 farcies“,
1391 2873 1516 2929 quod
1563 2883 1709 2928 genus
1753 2869 1886 2915 farci-
