2066 3276
294 245 407 319 1707
840 244 941 292 Lib.
968 244 1090 290 VIII.
1125 244 1369 303 'I'etrapus

289 376 462 432 mittes
515 377 793 432 defrictum
851 378 1133 446 modicum,
1192 384 1363 446 tereS,
1421 378 1762 434 reexinanies
1821 381 1875 433 in

290 469 524 521 capsum.
569 469 684 505 cum
724 458 1006 520 percoctus
1039 453 1212 520 fuerit,
1257 470 1536 521 exoneraS,
1581 455 1756 507 amolo
1788 456 1876 507 ob-

289 526 428 593 ligas
470 530 523 579 et
559 525 775 579 inferes

400 601 523 652 370.
576 600 830 667 Agnum
884 600 1240 668 simplice:
1300 599 1367 653 de
1422 616 1562 667 agno
1605 598 1876 653 decoriato

288 673 457 726 facies
498 673 741 741 copadia,
782 674 1007 739 lavabiS,
1059 673 1343 741 diligenter
1385 674 1558 727 mittes
1596 673 1653 725 in
1695 691 1878 727 cacca-

289 748 429 813 bum,
471 747 671 800 adicies
713 748 903 813 oleum,
946 747 1231 814 liquamen,
1273 748 1469 813 vinum,
1509 763 1740 815 porrum,
1793 764 1879 800 co-

287 819 560 873 riandrum
621 821 785 874 cultro
852 821 1133 874 concisum.
1198 838 1315 874 cum
1376 821 1563 874 bullire
1624 821 1878 889 coeperit,

290 911 426 967 cepa
465 894 545 948 ius
587 895 816 962 agitabis
859 900 910 947 et
954 894 1169 949 inferes

399 970 522 1021 371.
553 968 811 1022 Aedum
842 969 1254 1021 lasaratum:
1297 967 1419 1022 aedi
1445 968 1706 1022 intestinis
1741 969 1880 1021 bene

287 1043 529 1110 purgatis
579 1043 769 1111 inpleS,
822 1042 992 1114 piper,
1046 1043 1327 1110 liquamen,
1380 1044 1538 1109 lasar,
1601 1043 1775 1095 oleum
1831 1047 1883 1095 et

286 1117 424 1170 intra
475 1116 669 1170 aedum
719 1117 895 1170 mittes
937 1122 988 1170 et
1028 1118 1164 1170 bene
1207 1132 1432 1170 consues
1488 1121 1540 1170 et
1581 1133 1701 1170 cum
1743 1116 1879 1169 aedo

288 1190 443 1243 simul
482 1195 788 1257 coquuntur.
834 1196 886 1243 et
927 1207 1044 1244 cum
1085 1190 1378 1255 decoxerit,
1423 1189 1625 1243 adicies
1665 1190 1719 1242 in
1743 1206 1880 1242 mor-

287 1265 479 1317 tarium
518 1270 704 1330 rutam,
746 1266 936 1317 bacam
975 1265 1108 1316 lauri
1152 1270 1203 1317 et
1228 1265 1402 1317 levato
1433 1264 1609 1330 adque
1639 1263 1903 1317 exiccato'

288 1338 426 1391 aedo
466 1338 584 1406 ipso
625 1338 738 1390 iure
778 1337 1055 1405 perfundis
1098 1343 1149 1391 et
1190 1338 1264 1391 sic
1305 1337 1477 1405 ponis,

1136 1469 1456 1524 compendium
1491 1474 1563 1513 est
1595 1469 1757 1513 cabum
1785 1470 1882 1512 160.

1134 1528 1283 1572 latere
1327 1529 1505 1584 opinor,
1548 1529 1699 1572 scribo
1742 1529 1882 1572 auda-

291 1473 531 1515 omento
574 1474 742 1514 carta
783 1483 866 1525 per
909 1482 1044 1527 asyn-

292 1530 450 1580 deton,
486 1530 611 1585 quod
643 1530 682 1573 si
715 1530 945 1584 displicet,
989 1542 1045 1572 ex

290 1588 391 1632 403.
436 1588 556 1632 adde
594 1591 693 1641 „et“
739 1593 821 1632 aut
853 1601 910 1633 ex
942 1587 1041 1631 402.

295 1647 441 1701 „vel“‚
484 1651 566 1691 aut
603 1651 784 1700 „carta“
832 1660 1044 1702 expunge

292 1720 393 1751 cum
411 1723 446 1761 γ.
476 1732 528 1736 —
556 1711 728 1750 carta
749 1706 1043 1763 aegyptiaca,

292 1766 350 1810 de
375 1765 591 1810 tenuibus
614 1765 815 1822 latisque
835 1778 1043 1821 segmen-

290 1826 350 1869 tis
377 1823 592 1869 foliorum
613 1825 783 1881 papyri
807 1829 1042 1875 contexta,

291 1884 620 1939 emporeticam
654 1884 766 1927 dicit
809 1884 925 1926 Plin.
974 1884 1042 1935 13,

292 1944 359 1991 76.
386 1943 548 1987 eadem
570 1943 715 1986 utitur
739 1956 914 1998 coquus
939 1942 1041 1985 402.

289 2003 389 2046 431.
436 2002 601 2046 Horat.
655 2015 726 2057 ep.
771 2003 814 2052 2,
860 2003 899 2053 1,
940 2002 1039 2044 270.

290 2061 486 2105 Martial.
521 2062 562 2111 3,
596 2062 637 2111 2,
671 2061 710 2103 4.
747 2061 824 2116 qui
848 2061 1041 2105 eandem

291 2133 387 2165 rem
431 2121 500 2171 13,
547 2121 585 2163 1.
630 2124 791 2175 togam
836 2120 953 2163 dixit
995 2123 1043 2162 et

290 2180 333 2230 4,
374 2179 445 2230 87,
489 2179 528 2222 8.
574 2179 777 2222 tunicam
811 2192 835 2222 e
870 2178 1038 2222 Catuli.

291 2238 362 2288 95,
405 2238 444 2280 8.
487 2238 559 2282 cui
601 2251 698 2281 non
753 2238 800 2280 in
842 2242 1042 2281 mentem

288 2297 483 2341 veniunt
534 2297 809 2350 „cotelettes
857 2309 912 2340 en
962 2308 1043 2351 pa-

290 2356 543 2412 pillotes“?
633 2382 686 2386 —
765 2355 1043 2411 coperies

291 2415 456 2470 scripsi
497 2428 582 2470 pro
628 2427 794 2470 coop.
828 2419 876 2459 et
922 2428 1043 2458 men-

291 2474 362 2517 dis
395 2473 608 2517 codicum
640 2475 709 2517 63.
758 2498 809 2504 -
851 2478 1043 2517 coctu-

291 2545 405 2576 ram
439 2545 495 2576 ex
537 2548 570 2571 π
602 2536 649 2576 et
691 2532 747 2575 H.
791 2545 875 2587 pro
916 2532 1042 2576 codi-

293 2605 394 2637 cum
438 2603 588 2634 cora.
634 2590 690 2634 cf.
738 2592 834 2634 153.
886 2616 940 2620 —·
985 2605 1041 2634 m.

293 2648 558 2695 defricto
591 2654 633 2701 β.
667 2663 724 2692 m.
759 2650 815 2692 in
858 2649 1041 2694 fricto

291 2710 337 2753 in
370 2722 451 2753 sex
483 2713 530 2753 et
561 2709 633 2753 ed.
665 2722 734 2763 pr.
766 2722 825 2752 m.
868 2709 925 2751 in
959 2708 1041 2752 de-

291 2767 444 2812 fruti
475 2782 534 2811 m.
568 2767 700 2811 Hum.
737 2765 793 2810 cf.
832 2768 902 2810 67.
939 2767 1038 2811 154.

293 2827 392 2870 251.
426 2827 525 2870 380.
561 2826 794 2882 singulare
827 2826 1042 2882 aenigma

293 2886 496 2931 in·voce
545 2885 866 2934 caccabum
911 2885 1040 2929 cuius

1137 1588 1232 1631 cior
1278 1588 1334 1630 in
1389 1600 1630 1643 capsum
1686 1588 1743 1631 de
1792 1601 1883 1643 quo

1135 1647 1221 1690 253
1255 1645 1523 1691 familiarius
1547 1651 1647 1691 erat
1663 1661 1685 1690 r
1698 1660 1721 1691 e
1736 1660 1760 1691 e
1772 1647 1883 1690 xin.

1135 1706 1185 1748 in
1219 1706 1533 1749 caccabum
1566 1719 1622 1750 ex
1662 1706 1760 1749 135.
1783 1706 1883 1748 213.

1137 1765 1235 1808 190.
1283 1765 1353 1808 45.
1399 1764 1459 1807 31.
1506 1791 1558 1796 -
1593 1778 1884 1809 exoneras

1135 1829 1311 1867 cartam
1340 1824 1479 1868 tolles
1518 1824 1617 1868 373.
1650 1837 1763 1868 corr.
1797 1837 1881 1879 pro

1135 1895 1406 1926 exornas.
1444 1907 1501 1913 —-

1223 1942 1283 1985 ad
1315 1943 1415 1986 370.
1451 1954 1506 1985 ea
1539 1946 1587 1986 et
1608 1955 1804 1997 sequens
1829 1955 1885 1986 ex

1134 2001 1351 2056 Excerpt.
1402 2001 1506 2044 cod.
1566 2001 1749 2045 salmas.
1806 2002 1883 2057 qui

1134 2073 1292 2115 agnu
1324 2060 1615 2115 simplice.
1655 2073 1744 2116 ego
1780 2074 1886 2115 sup-

1133 2119 1240 2174 pleo
1278 2120 1426 2172 „iure“
1463 2120 1564 2162 271.
1610 2144 1663 2150 -
1705 2132 1763 2162 an
1789 2120 1886 2163 de-

1136 2182 1385 2222 carnat.)
1432 2192 1487 2222 ex
1532 2178 1650 2221 295?
1694 2204 1745 2209 ——
1790 2192 1884 2221 cu-

1133 2237 1383 2293 padiola
1417 2237 1530 2280 lav.
1567 2237 1668 2280 cod.
1705 2263 1760 2268 ——
1794 2251 1884 2282 ce-

1134 2309 1206 2352 pa
1240 2297 1324 2340 ius
1357 2297 1535 2341 emend.
1576 2310 1661 2352 pro
1695 2297 1884 2351 saepi-

1134 2369 1198 2398 us
1242 2369 1298 2399 ex
1341 2355 1440 2399 334.
1491 2355 1587 2398 143.
1632 2355 1755 2399 idem
1798 2354 1888 2399 feci

1224 2473 1401 2517 ad371.
1436 2472 1886 2517 aedulasaratu

1135 2533 1237 2576 cod.
1271 2533 1319 2575 in
1351 2533 1503 2578 lemm.
1549 2536 1596 2576 et
1637 2532 1886 2575 intesti-

1132 2604 1236 2635 nas
1267 2592 1313 2635 b.
1338 2595 1649 2650 purgatas.
1695 2588 1750 2634 cf.
1784 2590 1884 2633 364.

1134 2651 1192 2694 de
1225 2663 1327 2694 meo
1361 2647 1571 2694 ablativo
1615 2650 1677 2693 ad
1711 2648 1883 2703 Gargil.

1132 2723 1177 2764 p.
1221 2709 1295 2752 42.
1344 2709 1547 2764 inples
1599 2713 1651 2752 ut
1694 2707 1887 2751 docetur

1132 2769 1231 2811 369.
1269 2793 1323 2799 —
1357 2771 1643 2812 cocuntur
1671 2792 1719 2795 ——
1748 2780 1885 2810 mor-

1131 2827 1297 2870 tario
1354 2852 1405 2856 q
1454 2831 1589 2870 ruta
1635 2826 1782 2869 baca
1831 2851 1883 2854 ——

1132 2885 1345 2929 lebato
1379 2898 1418 2929 a.
1453 2886 1642 2944 adque
1676 2897 1883 2943 exuga-
