2066 3276
290 258 393 311 184
807 256 906 302 Lib.
930 256 1051 300 VIII.
1096 255 1340 313 Tetrapus.

287 394 342 442 ut
382 389 601 455 ferveat,
643 405 758 443 cum
799 388 1067 456 fervuerit,
1109 390 1283 442 amolo
1320 388 1599 456 obligabis,
1630 406 1874 457 exornas,

286 464 368 517 ius
407 462 702 532 perfundis,
744 463 900 532 piper
938 463 1185 532 aspargis
1225 467 1277 516 et
1313 462 1527 516 inferes.

399 539 522 591 401.
562 538 902 607 Leporem
941 536 1475 605 passenianum:
1517 537 1753 606 leporem
1789 552 1874 589 cu-

286 628 391 677 raS,
459 626 700 677 exossas,
755 615 1033 664 extensum
1087 627 1261 677 ornas,
1325 609 1622 680 suspendes
1676 609 1745 661 ad
1798 609 1875 661 fu-

286 701 444 739 mum.
487 701 605 738 cum
647 684 982 750 coloraverit,
1023 684 1191 738 facies
1220 689 1275 736 ut
1305 683 1525 737 dimidia
1553 687 1768 737 coctura
1792 699 1876 736 co-

288 763 493 825 quatur.
534 758 702 824 lavas,
733 774 994 826 asparges
1026 759 1153 811 salis
1184 774 1432 811 massam.
1465 773 1737 823 oenogaro
1764 760 1877 810 tan-

284 849 410 899 ges:
443 831 646 886 adicies
673 832 726 884 in
754 831 1060 885 mortarium
1089 832 1259 901 piper,
1299 831 1601 899 ligisticum‚
1642 830 1876 897 fricabiS,

282 905 562 960 suffundes
603 905 891 973 liquamen,
932 906 1110 958 vinum
1142 911 1192 959 et
1218 905 1506 972 liquamine
1534 905 1876 973 temperabis

282 979 335 1031 in
377 982 686 1046 caccabum,
728 979 932 1033 adicies
973 980 1145 1033 oleum
1176 979 1460 1046 modicum,
1490 979 1658 1032 facies
1694 983 1748 1030 ut
1776 978 1877 1031 fer-

283 1058 425 1107 veat.
471 1071 589 1108 cum
628 1053 895 1120 fervuerit,
937 1054 1111 1106 amolo
1154 1054 1379 1120 obligas.
1422 1054 1658 1121 leporem
1701 1069 1878 1105 assum

284 1145 315 1182 a
357 1127 517 1182 dorso
556 1128 754 1197 tangis,
797 1127 952 1199 piper
990 1127 1236 1196 aspargis
1279 1132 1330 1182 et
1367 1126 1582 1180 inferes,

286 1290 377 1334 ius
422 1303 537 1334 corr.
580 1303 666 1346 pro
704 1289 947 1333 melius.
987 1315 1037 1318 —-

285 1348 557 1394 defricto
604 1348 837 1393 colorabis
880 1349 949 1391 67.
987 1373 1035 1377 —-

287 1421 547 1453 exornas
595 1409 819 1463 leporem.
857 1433 910 1437 —
954 1407 1041 1462 pi-

285 1482 390 1524 per
421 1481 512 1512 om.
546 1471 614 1523 βγ.
974 1477 984 1486 ‘

373 1527 435 1571 ad
465 1527 569 1571 401.
634 1526 898 1581 leporem
947 1537 1041 1568 cu-

284 1598 379 1630 ras
426 1612 478 1616 —
528 1589 827 1641 coquatur
874 1583 1042 1627 similia

282 1650 391 1689 sunt
423 1645 515 1689 illis
546 1645 648 1689 386.
692 1657 857 1687 11011101]
891 1643 1036 1687 habet

286 1705 345 1749 ab
378 1705 536 1760 aliquo
579 1703 819 1748 luxurioso
852 1701 1039 1746 homine

286 1764 368 1818 (ad
409 1764 514 1812 377.
557 1764 679 1815 382.)
726 1763 883 1806 nescio
932 1775 1037 1817 quo.

286 1823 612 1868 Passienorum
651 1822 697 1865 in
729 1825 929 1865 mentem
964 1834 1041 1865 ve-

285 1882 355 1926 nit
388 1886 436 1926 et
468 1882 515 1926 G.
541 1880 767 1926 Pescenni
802 1880 931 1936 Nigri
964 1879 1042 1936 qui

286 1942 541 1996 imperator
566 1953 594 1984 a
614 1939 877 1996 legionibus
896 1939 1041 1982 orien-

289 2000 463 2044 talibus
497 2000 674 2044 electus
709 2000 829 2043 circa
847 2010 919 2041 an.
941 1998 1039 2041 195.

287 2060 420 2108 obiit,
454 2059 528 2103 vel
546 2058 760 2103 Bassiani
777 2057 1041 2112 Elagabali,

286 2118 536 2162 Herodian.
573 2119 614 2170 5,
647 2119 690 2162 3.
730 2116 961 2172 Lamprid.
997 2116 1041 2159 in

287 2178 386 2221 eius
404 2178 502 2221 vita
524 2179 560 2222 1.
582 2177 711 2221 volui
743 2176 883 2220 etiam
915 2189 944 2231 p
960 2186 1042 2219 as-

287 2237 518 2280 sienum
562 2249 813 2292 expansum
856 2235 931 2278 vel
974 2247 1043 2278 re-

287 2296 569 2351 supinatum,
588 2295 720 2351 quasi
740 2294 944 2338 obse-ena
961 2306 1042 2349 pa-

286 2355 497 2406 tientem,
530 2355 591 2398 ad
623 2355 810 2398 Petron.
836 2352 908 2404 24,
928 2352 967 2394 4.
997 2357 1045 2396 et

288 2415 346 2458 de
389 2414 532 2458 verbo
565 2414 785 2469 pandere,
827 2412 1045 2466 pendere,

287 2473 574 2528 suspendere
609 2471 829 2528 cogitavi.
884 2497 921 2500 -—
972 2471 1046 2514 ad

289 2531 523 2577 furnum
557 2532 603 2575 in
636 2544 730 2575 sex.
779 2528 834 2573 cf.
869 2529 938 2572 56.
974 2531 1043 2574 60.

287 2588 512 2634 28'9.386.
549 2603 640 2646 quo
672 2590 778 2633 loco
811 2588 1044 2643 porcellus

288 2650 347 2695 de
380 2647 509 2693 fumo
542 2648 756 2694 sublatus
789 2647 967 2691 salitur.
989 2673 1044 2679 —

289 2713 543 2754 coctura
576 2721 666 2753 om.
686 2707 757 2751 ed.
782 2705 968 2749 mediol.
990 2732 1034 2736 ——

287 2768 469 2819 lavas,
501 2780 619 2822 asp.
654 2766 836 2810 salem
873 2769 924 2808 ut
942 2765 1043 2809 330.

292 2840 431 2882 „aper
473 2825 753 2882 spongiatur
796 2831 843 2868 et
874 2824 942 2867 sic
973 2836 1044 2867 as-

288 2886 503 2946 pargitur
549 2886 591 2930 ei
634 2884 746 2928 sal“.
795 2883 870 2929 hic
902 2883 1042 2927 etiam

1132 1302 1174 1331 m
1189 1303 1215 1331 a
1228 1301 1249 1331 s
1262 1301 1282 1332 s
1294 1304 1322 1331 a
1339 1287 1636 1344 adspergitur
1653 1292 1725 1342 (ne
1743 1288 1881 1342 iunge

1137 1360 1361 1400 „massam
1407 1360 1506 1390 oen.
1539 1350 1732 1404 tanges“
1780 1359 1880 1390 cum

1133 1407 1237 1450 edd.
1287 1411 1338 1450 ut
1384 1406 1441 1449 de
1490 1419 1626 1451 carne
1673 1406 1883 1462 leporina

1133 1470 1353 1509 exossata
1370 1465 1698 1522 intellegatur).
1733 1465 1883 1509 lexica

1133 1529 1303 1568 tacent.
1348 1537 1501 1568 massa
1542 1524 1652 1578 μάζα
1699 1538 1734 1568 s.
1772 1524 1882 1577 μᾶζα

1134 1590 1204 1627 est
1230 1583 1355 1639 quod
1372 1582 1550 1628 farinae
1574 1583 1797 1628 subactae
1818 1583 1883 1625 in-

1131 1647 1229 1686 star
1268 1643 1459 1687 densum
1505 1648 1552 1687 et
1594 1644 1792 1699 spissum
1834 1644 1883 1685 et

1131 1702 1389 1758 generatim
1419 1703 1515 1746 offa
1542 1703 1684 1746 variis
1708 1701 1883 1757 specie-

1131 1762 1218 1805 bus
1262 1761 1528 1806 aromaticis
1577 1762 1788 1806 contritis
1835 1764 1884 1805 et

1132 1833 1272 1876 passo
1313 1821 1519 1865 subactis
1561 1820 1701 1864 facta.
1741 1820 1882 1864 talem

1133 1891 1331 1922 massam
1375 1880 1418 1922 in
1455 1894 1539 1924 vas
1572 1880 1710 1924 musti
1743 1878 1884 1923 deicit

1135 1952 1228 1994 quo
1248 1939 1549 1982 aromaticum
1570 1935 1654 1982 fiat
1670 1939 1880 1982 Dioscor.

1132 1999 1173 2049 5,
1208 1997 1280 2042 64.
1314 1998 1435 2042 unde
1467 2011 1551 2041 sua
1582 1998 1884 2054 neglegenter

1132 2056 1339 2100 hausisse
1361 2057 1555 2101 Plinium
1577 2058 1644 2108 14,
1669 2058 1767 2100 107.
1794 2056 1883 2099 iam

1134 2116 1342 2160 ostendit
1373 2114 1565 2160 Salmas.
1600 2117 1643 2159 in
1678 2116 1819 2160 Solin.
1838 2129 1881 2170 p.

1133 2175 1231 2218 500.
1267 2175 1309 2218 b.
1354 2188 1551 2219 massam
1597 2175 1795 2231 denique
1838 2175 1884 2217 in

1133 2234 1294 2290 lingua
1326 2235 1628 2278 mercantium
1662 2239 1712 2277 ut
1745 2234 1885 2277 offam

1135 2297 1182 2336 et
1229 2293 1428 2345 παλάθην
1476 2307 1576 2337 csse
1618 2306 1884 2349 prunorum,

1136 2348 1345 2403 ficorum,
1379 2357 1671 2409 caryotarum
1700 2357 1746 2396 et
1763 2352 1885 2395 simi-

1137 2412 1247 2454 lium
1280 2411 1556 2456 siccatorum
1587 2411 1812 2455 calcatum
1833 2413 1881 2454 et

1137 2475 1428 2525 compactum
1452 2471 1642 2527 globum
1662 2470 1880 2514 Graecos-

1137 2543 1224 2586 que
1257 2530 1538 2574 recentiores
1568 2530 1719 2574 dicere
1750 2527 1886 2582 μάζαν

1137 2588 1362 2644 quidquid
1408 2589 1454 2632 in
1508 2602 1646 2634 unum
1693 2587 1885 2644 globum

1135 2653 1218 2691 aut
1259 2659 1473 2692 acervum
1518 2652 1731 2692 coactum
1763 2650 1887 2690 esset

1135 2720 1179 2761 p.
1214 2707 1313 2749 537.
1357 2706 1400 2750 b.
1445 2711 1646 2762 postque
1687 2719 1788 2749 eum
1820 2705 1886 2748 in-

1135 2770 1283 2820 terpp.
1319 2765 1380 2808 ad
1423 2765 1653 2821 Theophr.
1688 2764 1793 2807 hist.
1822 2762 1882 2818 pl.

1134 2823 1178 2873 4,
1210 2825 1252 2874 2,
1289 2824 1355 2867 10.
1389 2824 1583 2869 Diodor.
1630 2824 1698 2874 17,
1732 2823 1800 2865 67.
1840 2835 1882 2876 p.

1135 2897 1192 2930 m.
1216 2882 1314 2928 187.
1358 2884 1503 2940 Long.
1522 2885 1565 2935 3,
1583 2883 1652 2927 20.
1686 2880 1884 2927 Martial.
