2066 3276
692 238 788 286 Lib.
808 238 934 291 VIII.
966 238 1212 297 Tetrapus.
1672 239 1771 293 181

184 375 230 439 s·
264 376 307 427 Ι.
353 391 526 442 aquae
555 373 780 428 eminam
810 376 850 427 I.
880 374 1035 427 simul
1072 378 1340 442 temperas
1379 372 1433 425 in
1468 372 1774 425 caccabuIO.

187 448 347 502 mittis
388 449 442 501 in
484 465 547 502 eo
588 448 896 517 porcellum.
941 448 1064 501 dum
1106 447 1292 502 bullire
1334 446 1586 515 coeperit,
1641 462 1777 514 cepa

184 522 266 576 ius
304 522 536 591 agitabis
576 527 633 574 ut
673 522 901 590 spissum
940 522 1047 575 fiat.
1091 522 1136 575 si
1175 521 1378 588 aliquid
1425 520 1597 573 minus
1647 519 1776 572 iuris

184 596 365 650 facere
407 595 661 665 coeperit,
702 602 824 649 tunc
865 595 1069 650 adicies
1110 595 1337 649 eminam
1373 595 1412 647 I.
1457 611 1646 664 aquae.
1699 594 1777 648 sic

184 672 485 739 p'ercoques
529 673 581 724 et
619 669 695 722 sic
736 670 1028 740 porcellum
1066 669 1279 722 inferes

298 746 420 797 393.
464 744 859 796 Porcellum
898 744 1309 796 lasaratum:
1363 746 1505 795 teres
1548 741 1600 793 in
1640 757 1776 794 mor··

184 817 317 870 tario
358 819 528 886 piper,
558 817 859 885 ligisticum,
890 834 1119 883 careum,
1150 817 1342 870 misces
1374 815 1621 868 ciminum
1647 832 1776 884 pau-

184 892 363 959 lulum,
404 892 549 945 lasar
587 891 781 957 vivum,
825 889 1031 962 [lasaris
1059 889 1335 962 radicem,]
1366 889 1627 942 suffundis
1655 907 1775 943 ace-

185 970 310 1032 tum,
352 965 509 1018 addis
548 965 767 1019 nucleos
807 965 1014 1033 pineOS,
1059 965 1331 1030 cariotam,
1385 964 1507 1030 mel,
1550 968 1776 1031 acetum,

184 1039 469 1107 liquamen,
513 1055 715 1107 senape
755 1038 969 1093 factum.
1014 1039 1134 1092 oleo
1177 1038 1354 1092 omnia
1404 1043 1674 1107 temperas
1728 1042 1781 1092 ct

184 1112 476 1182 perfundis.

298 1188 421 1241 394.
482 1186 879 1240 Porcellum
936 1185 1420 1240 iuscellatum:
1495 1186 1655 1238 mittis
1724 1185 1780 1238 in

186 1261 492 1314 mortarium
531 1261 702 1330 piper,
731 1259 1015 1327 ligisticum
1045 1265 1137 1313 aut
1163 1265 1392 1327 anetum,
1426 1259 1778 1327 coriandrum,

186 1340 373 1403 rutam,
428 1337 617 1389 bacam
669 1335 821 1402 lauri,
875 1333 1110 1401 fricabiS,
1172 1334 1432 1387 suffundis
1494 1335 1779 1402 liquamen,

185 1426 344 1477 porro
385 1410 533 1480 passi
573 1409 686 1462 sive
724 1409 895 1462 mellis
936 1408 1220 1476 modicum,
1272 1408 1451 1460 vinum
1490 1408 1775 1475 modicum,

187 1484 290 1537 olei
331 1485 674 1553 aliquantum.
719 1500 838 1535 cum
879 1483 1104 1549 coxeris,
1148 1483 1323 1535 amolo
1367 1483 1649 1550 obligabis,

299 1557 421 1611 395.
465 1559 803 1626 Leporem
845 1556 1146 1610 acidum:
1188 1557 1243 1609 in
1283 1574 1424 1623 aqua
1463 1557 1778 1625 praecoqui-

186 1635 269 1683 tur
307 1631 535 1698 modice,
577 1629 772 1684 deinde
815 1631 1127 1699 conponitur
1166 1631 1222 1683 in
1248 1631 1435 1699 patina
1464 1631 1778 1697 coquendus

187 1705 306 1758 oleo
350 1706 405 1758 in
442 1705 594 1758 furno
638 1710 689 1758 et
729 1721 845 1757 cum
887 1721 1055 1775 prope
1096 1705 1162 1758 sit
1191 1710 1373 1759 coctus
1403 1722 1470 1758 ex
1499 1706 1602 1758 alio
1640 1706 1777 1773 ole0,

184 1780 487 1848 pertangito
529 1779 597 1833 de
639 1778 918 1833 conditura
955 1778 1094 1832 infra
1136 1779 1364 1848 scripta:
1421 1784 1563 1833 teres
1604 1779 1776 1851 piper,

274 1926 335 1970 ad
367 1927 467 1971 393.
505 1925 660 1982 pullus
692 1926 937 1978 lasaratus,

182 1986 335 2030 lasere
370 1985 584 2030 conditus
613 1990 684 2030 est
704 1985 803 2030 243.
842 1985 937 2039 „la-

183 2046 299 2090 saris
367 2045 597 2090 radicem“
662 2045 938 2101 interpreta-

182 2108 389 2150 mentum
430 2110 514 2149 est.
559 2103 615 2148 cf.
660 2109 708 2149 et
746 2105 845 2148 368.
882 2130 935 2135 —

182 2176 406 2220 senape
439 2163 610 2208 factu
636 2164 738 2208 cod.
760 2163 814 2209 cf.
835 2164 934 2207 385.

271 2223 332 2266 ad
373 2223 475 2268 394.
538 2223 936 2267 iuscellatum

182 2282 364 2338 explica
394 2282 481 2326 tibi
524 2294 581 2326 ex
612 2283 712 2326 392.
756 2282 934 2326 malvas

181 2341 453 2385 iuscellatas
487 2353 543 2385 ex
574 2341 755 2386 medico
789 2341 934 2385 habes

181 2413 254 2456 ap.
289 2401 498 2456 Ducang.
543 2400 589 2443 in
622 2414 722 2444 voc.
767 2400 818 2443 Τ.
852 2400 931 2444 ΙΙΙ.

179 2473 224 2515 p.
260 2459 359 2503 947.
395 2459 558 2504 eadem
582 2473 674 2503 vox
697 2473 781 2515 pro
818 2459 934 2512 „vis-

182 2518 405 2563 cellatus“
452 2518 739 2563 restituenda
781 2518 931 2563 Plinio

180 2577 283 2621 Val.
320 2578 361 2629 2,
398 2577 464 2620 17.
499 2578 541 2629 5,
574 2577 643 2621 24.
679 2582 727 2622 et
754 2577 932 2633 aliquo-

181 2637 268 2681 ties
306 2635 598 2690 „iuscellum“
629 2650 714 2692 pro
744 2636 933 2690 „viscel-

180 2696 319 2739 lum“.
344 2721 394 2725 η
417 2708 654 2739 anesum
689 2696 789 2740 cod.
817 2709 932 2741 corr.

181 2768 238 2799 ex
281 2755 380 2798 380.
426 2755 524 2798 385.
568 2755 668 2798 388.
706 2780 748 2783 —
800 2760 935 2798 ruta

181 2813 332 2858 baca
374 2813 532 2857 lauri
582 2813 835 2857 fricavis
880 2840 930 2843 —

182 2872 382 2918 amulo
417 2873 724 2930 obligavis
758 2873 932 2917 cod.—

1030 1926 1267 1971 coxeris
1318 1927 1364 1971 in
1412 1927 1593 1984 aliquot
1640 1926 1778 1972 codd.

1029 1986 1098 2030 63.
1134 1986 1233 2030 278.

1117 2045 1179 2089 ad
1209 2046 1310 2090 395.
1374 2045 1669 2089 madidum
1703 2058 1778 2090 co-

1029 2104 1180 2149 dicum
1213 2118 1304 2149 non
1330 2102 1616 2149 defenderim
1635 2118 1691 2148 ex
1708 2117 1778 2148 ra-

1026 2164 1098 2219 pis
1131 2164 1331 2208 madidis
1354 2164 1452 2208 153.
1488 2168 1535 2209 et
1568 2164 1777 2208 caulibus

1027 2221 1301 2268 madefactis
1351 2223 1449 2267 100.
1514 2221 1779 2267 madefacta

1025 2283 1211 2337 perdice
1244 2283 1345 2325 221.
1380 2282 1568 2326 madido
1601 2283 1779 2327 sumine

1024 2342 1156 2385 Mart.
1203 2341 1272 2393 10,
1316 2340 1388 2393 48,
1434 2342 1503 2384 12.
1549 2341 1696 2386 cicere
1738 2343 1777 2394 1,

1024 2400 1098 2452 42,
1130 2400 1169 2444 5.
1204 2401 1231 2443 i.
1257 2413 1294 2444 e.
1330 2401 1544 2445 coctione
1576 2401 1777 2446 mollito.

1025 2460 1071 2503 in
1113 2459 1330 2504 lemmate
1374 2460 1448 2504 vel
1487 2459 1625 2504 titulo
1657 2461 1777 2515 pati-

1025 2531 1112 2563 nae
1154 2519 1203 2562 id
1244 2518 1524 2563 adiectivum
1564 2518 1677 2562 nihil
1711 2519 1777 2563 di-

1024 2578 1098 2622 cit.
1134 2590 1162 2621 a
1204 2591 1372 2634 sapore
1404 2578 1591 2623 acidulo
1626 2591 1777 2634 eoque

1023 2636 1222 2681 iucundo
1257 2651 1392 2693 quem
1422 2637 1540 2681 indit
1566 2638 1776 2693 inprimis

1025 2708 1139 2752 cepa
1182 2701 1230 2740 et
1270 2697 1393 2740 lasar
1434 2696 1598 2740 merito
1632 2697 1776 2741 nomi-

1023 2760 1160 2799 natur
1181 2756 1354 2800 acidus.
1381 2755 1600 2800 mendum
1633 2769 1774 2812 pepe-

1025 2815 1085 2858 rit
1131 2829 1175 2858 m
1222 2811 1375 2858 finale.
1421 2841 1472 2844 --
1513 2815 1637 2858 alio
1671 2815 1775 2859 reli-

1026 2887 1117 2930 quo
1150 2874 1195 2917 in
1230 2887 1321 2930 quo
1351 2874 1516 2918 leviter
1543 2874 1775 2931 coqueba-
