2066 3276
312 239 384 292 30
865 241 966 286 Lib.
999 242 1032 286 I.
1095 242 1339 298 Epimeles.

311 371 397 423 vel
437 372 555 438 plus
596 389 754 440 porro
788 373 953 425 misee
985 373 1284 440 diligenter,
1324 375 1602 441 posthaec
1631 378 1899 443 aliquanto

310 445 549 512 temp-oie
589 452 774 514 patere
799 447 1137 515 requiescere
1168 453 1220 501 et
1250 448 1562 501 liburnicum
1592 465 1773 504 omnes
1807 468 1898 519 pu-

307 519 497 572 tabunt

422 593 470 645 6.
515 593 750 645 Vinum
782 609 861 645 ex
891 598 1039 645 atro
1076 592 1438 646 candidum
1475 594 1550 647 sie
1590 594 1785 650 facies:
1823 597 1897 649 lo-

309 672 539 718 mentum
582 683 649 718 ex
687 666 814 719 faba
852 666 1048 719 factum
1090 668 1174 719 vel
1216 684 1431 719 ovorum
1471 668 1623 721 trium
1664 671 1899 723 alborem

309 740 362 793 in
391 741 643 808 lagonam
674 740 835 793 mittis
865 746 917 793 et
940 741 1231 794 diutissime
1257 743 1445 808 agitas,
1488 743 1531 794 si
1561 745 1727 796 salem
1754 744 1898 796 adie-

312 813 446 868 ceris
482 813 766 868 candidum
796 818 848 867 et
887 814 1118 868 cinerem
1143 815 1261 867 vitis
1289 816 1461 881 albae,
1501 815 1643 869 idem
1679 817 1894 871 faciunt.

422 890 470 942 7.
513 889 610 941 De
651 888 1029 956 liquamine
1063 888 1508 941 emendando.
1550 890 1819 958 liquamen
1854 892 1896 959 si

311 962 529 1016 odorem
567 962 763 1014 malum
802 961 1006 1028 feeerit,
1054 979 1149 1015 vas
1188 963 1347 1016 inane
1385 964 1652 1017 inversum
1691 965 1893 1033 fumiga

307 1037 458 1089 lauro
502 1041 554 1090 et
592 1052 845 1104 cupresso
887 1042 939 1089 et
975 1036 1029 1089 in
1067 1036 1170 1089 hoe
1207 1036 1475 1103 liquamen
1514 1037 1733 1093 infunde
1773 1045 1895 1093 ante

308 1111 633 1165 ventilatum.
675 1109 719 1163 si
759 1111 955 1163 salsum
994 1110 1166 1176 fuerit,
1207 1111 1378 1164 mellis
1415 1114 1699 1165 sextarium
1735 1113 1895 1166 mittis

311 1190 363 1239 et
401 1202 556 1239 move
596 1184 774 1254 spicas
815 1189 867 1238 et
901 1184 1211 1238 emendasti.
1253 1184 1351 1238 sed
1377 1190 1428 1239 et
1451 1191 1676 1239 mustum
1704 1204 1893 1241 reeens

306 1259 449 1314 idem
487 1264 740 1328 praestat.

421 1336 469 1387 8.
512 1334 596 1386 Ut
636 1349 882 1387 earnes
923 1331 1067 1385 sine
1109 1333 1258 1386 sale
1300 1334 1539 1399 quovis
1579 1339 1892 1402 tempore

307 1412 632 1462 recentes
686 1407 847 1460 sint:
903 1422 1090 1459 earnes
1142 1412 1385 1460 recentes
1437 1408 1621 1476 quales
1661 1409 1893 1462 volueris

308 1483 464 1536 melle
502 1486 764 1549 tegantur,
806 1479 904 1533 sed
944 1497 1039 1533 vas
1082 1480 1329 1550 pendeat.
1374 1486 1425 1534 et
1459 1482 1670 1548 quando
1711 1484 1891 1536 volue-

305 1556 395 1624 ris,
437 1561 584 1609 utere
641 1556 743 1608 hoe
782 1555 956 1607 hieme
990 1555 1175 1607 melius
1209 1555 1528 1621 fitstaestate
1562 1557 1746 1624 paneis
1782 1557 1892 1610 die-

305 1631 405 1684 bus
446 1629 656 1683 durabit
715 1634 766 1682 et
804 1629 858 1680 in
898 1645 1057 1681 earne
1099 1633 1251 1681 eoeta
1288 1628 1471 1682 itidem
1510 1630 1693 1682 facies.

419 1705 466 1756 9.
512 1704 775 1756 Callum
804 1702 1165 1770 porcinum
1194 1703 1305 1755 vel
1340 1704 1662 1755 bubulum
1699 1710 1759 1757 et
1794 1721 1892 1756 un-

306 1778 545 1845 gellae
586 1783 650 1831 et
690 1783 887 1830 cocta
927 1781 995 1828 ut
1035 1776 1147 1828 diu
1187 1775 1463 1830 durent:
1504 1777 1556 1829 in
1597 1778 1786 1846 senapi
1827 1796 1894 1831 ex

394 1913 456 1968 ad
487 1924 526 1967 6.
581 1924 630 1968 si
667 1924 937 1979 absorptum
969 1937 1050 1979 pu-

304 1988 409 2028 tans
440 1983 589 2028 adieci
621 1988 668 2027 et
695 1984 874 2027 correxi
907 1988 956 2026 ut
986 1983 1051 2026 vi-

306 2042 400 2087 des.
418 2043 463 2086 in
484 2055 566 2086 sex
589 2043 727 2087 codd.
749 2043 917 2098 agita
940 2042 1051 2085 sali

304 2101 532 2146 adierit
565 2101 885 2152 candidum,
916 2101 963 2143 in
996 2117 1050 2142 n:
1096 2147 1098 2150 v

305 2161 478 2216 agita
509 2160 691 2204 salem
723 2160 973 2210 adicias,
1006 2160 1051 2202 in

305 2221 379 2263 ed.
410 2233 479 2275 pr.
527 2219 617 2263 sal
665 2219 969 2263 adieceris
1013 2231 1049 2262 e.

303 2278 437 2322 Hum.
486 2291 588 2322 eum
634 2291 718 2322 suo
774 2278 874 2322 eod.
925 2277 1055 2321 dedit

304 2339 519 2394 agitas,
538 2338 661 2381 alia
684 2337 777 2381 die
800 2337 910 2381 erit
934 2348 1053 2380 ean-

306 2397 516 2442 didum.
561 2396 616 2441 ef.
645 2396 823 2440 Pallad.
872 2398 941 2447 11,
983 2395 1052 2447 14,

303 2457 344 2501 9.
366 2457 433 2501 10.
466 2455 597 2500 Varr.
623 2456 669 2499 in
692 2456 900 2511 Geopon.
923 2455 961 2506 7,
981 2456 1052 2498 21.

304 2514 584 2572 lagonam
624 2528 681 2559 ex
723 2519 754 2566 β
795 2519 842 2558 et
873 2514 1053 2570 aliquot

303 2573 433 2619 libris
475 2573 672 2618 Martial.
716 2575 758 2625 6,
803 2573 874 2624 89,
908 2574 948 2616 7.
984 2573 1052 2624 13,

306 2634 404 2678 120.
443 2633 510 2688 14,
548 2635 645 2677 116.
679 2631 876 2676 Phaedr.
912 2633 951 2683 1,
981 2633 1051 2676 26.

306 2692 481 2737 Colum.
519 2694 587 2744 12,
613 2692 686 2744 47,
710 2694 749 2735 2.
785 2690 1054 2744 (Schneider

303 2752 402 2797 Ind.
430 2765 524 2809 rer.
547 2752 592 2795 in
616 2751 835 2808 lagoena)
867 2763 953 2806 pro
978 2750 1052 2793 la-

304 2824 528 2868 genam.

394 2871 456 2917 ad
489 2871 530 2915 7.
578 2868 895 2915 emendato
927 2866 1050 2914 florr.

1142 1922 1395 1968 fenunde
1438 1924 1573 1967 codd.
1606 1921 1784 1968 funde
1818 1923 1893 1968 ed.

1141 1997 1208 2038 pr.
1244 2007 1298 2014 -—
1339 1996 1539 2027 moves
1573 1983 1744 2038 picas
1788 1987 1893 2037 βγπ.

1141 2055 1348 2086 novem
1380 2042 1572 2097 spicas
1613 2042 1685 2085 ed.
1729 2056 1796 2096 pr.
1831 2042 1895 2085 ad

1140 2100 1244 2148 334.
1276 2114 1396 2144 nune
1418 2102 1572 2144 malim
1593 2114 1637 2144 m
1655 2114 1759 2145 ove
1773 2114 1793 2144 s
1816 2114 1893 2156 sp.

1143 2185 1197 2192 -—
1216 2174 1259 2203 m
1277 2172 1370 2203 use
1385 2174 1411 2203 u
1425 2174 1468 2203 m
1489 2176 1533 2202 π.
1554 2159 1755 2204 fortasse
1775 2173 1895 2203 mus-

1142 2232 1236 2269 eus,
1267 2220 1435 2273 μὸσχος
1467 2226 1551 2271 est,
1586 2219 1660 2263 vel
1681 2232 1774 2263 nux
1798 2231 1893 2263 mo-

1144 2277 1322 2324 sehata.

1233 2336 1294 2380 ad
1327 2336 1368 2380 8.
1417 2335 1632 2380 volebam
1655 2336 1766 2380 olim
1800 2335 1889 2387 „ad

1144 2408 1225 2439 vas
1242 2396 1475 2451 pendeas“
1495 2400 1546 2439 ut
1565 2395 1888 2451 ,‚appendeas“

1143 2455 1242 2499 386.
1273 2467 1394 2499 nune
1417 2453 1603 2498 confero
1623 2455 1799 2498 Colum.
1821 2455 1889 2506 12,

1141 2513 1199 2557 42
1232 2510 1308 2558 fin.
1343 2525 1454 2565 „vas
1489 2538 1542 2546 -
1575 2513 1670 2558 alte
1702 2526 1891 2568 suspen-

1147 2573 1285 2624 ditur,
1326 2586 1383 2616 ne
1426 2572 1651 2627 pallorem
1692 2571 1893 2622 trahat“,

1148 2634 1216 2683 12,
1241 2632 1298 2675 46
1318 2627 1396 2676 fin.
1432 2630 1632 2687 „frigido
1666 2631 1770 2675 loeo
1797 2643 1895 2675 sus-

1142 2691 1400 2747 pendunt“,
1413 2690 1644 2734 Hermann
1653 2691 1699 2733 in
1710 2689 1895 2733 Schnei-

1144 2751 1258 2795 dew.
1282 2749 1449 2793 Philol.
1469 2749 1589 2794 VHI.
1608 2761 1652 2805 p.
1675 2749 1774 2792 570.
1794 2749 1895 2791 571.

1232 2808 1294 2852 ad
1327 2809 1367 2852 9.
1422 2808 1480 2852 de
1524 2808 1644 2852 callo
1688 2807 1748 2850 ad
1795 2808 1894 2850 259.

1141 2881 1211 2913 un
1228 2867 1388 2913 cella
1431 2871 1602 2912 ooeta
1642 2883 1678 2922 y.
1724 2866 1794 2911 ed.
1827 2879 1893 2924 pr.
