<?xml version="1.0" encoding="UTF-8"?>
<!DOCTYPE html PUBLIC "-//W3C//DTD XHTML 1.0 Transitional//EN"
    "http://www.w3.org/TR/xhtml1/DTD/xhtml1-transitional.dtd">
<html xmlns="http://www.w3.org/1999/xhtml" xml:lang="en" lang="en">
 <head>
  <title>
</title>
<meta http-equiv="Content-Type" content="text/html;charset=utf-8" />
  <meta name='ocr-system' content='tesseract 3.04.00' />
  <meta name='ocr-capabilities' content='ocr_page ocr_carea ocr_par ocr_line ocrx_word'/>
</head>
<body>
  <div class='ocr_page' id='page_1' title='image "./derecoquinarilib00apicrich_0152.png"; bbox 0 0 2066 3276; ppageno 0'>
   <div class='ocr_carea' id='block_1_1' title="bbox 235 245 336 297">
    <p class='ocr_par' dir='ltr' id='par_1_1' title="bbox 235 245 336 297">
     <span class='ocr_line' id='line_1_1' title="bbox 235 245 336 297; baseline 0.02 -2"><span class='ocrx_word' id='word_1_1' title='bbox 235 245 336 297; x_wconf 91' lang='lat'>148</span> 
     </span>
    </p>
   </div>
   <div class='ocr_carea' id='block_1_2' title="bbox 782 243 1308 288">
    <p class='ocr_par' dir='ltr' id='par_1_2' title="bbox 782 243 1308 288">
     <span class='ocr_line' id='line_1_2' title="bbox 782 243 1308 288; baseline 0 -2"><span class='ocrx_word' id='word_1_2' title='bbox 782 244 882 287; x_wconf 87' lang='lat' dir='ltr'><strong>Lib.</strong></span> <span class='ocrx_word' id='word_1_3' title='bbox 912 243 1011 287; x_wconf 87' lang='lat' dir='ltr'><strong>VII.</strong></span> <span class='ocrx_word' id='word_1_4' title='bbox 1070 243 1308 288; x_wconf 87' lang='lat' dir='ltr'>Politeles.</span> 
     </span>
    </p>
   </div>
   <div class='ocr_carea' id='block_1_3' title="bbox 229 375 1812 445">
    <p class='ocr_par' dir='ltr' id='par_1_3' title="bbox 229 375 1812 445">
     <span class='ocr_line' id='line_1_3' title="bbox 229 375 1812 445; baseline 0.001 -17"><span class='ocrx_word' id='word_1_5' title='bbox 229 375 553 445; x_wconf 85' lang='lat' dir='ltr'>pertritum.</span> <span class='ocrx_word' id='word_1_6' title='bbox 599 375 910 442; x_wconf 79' lang='lat' dir='ltr'>consarcieS,</span> <span class='ocrx_word' id='word_1_7' title='bbox 964 376 1078 428; x_wconf 84' lang='lat' dir='ltr'>sale</span> <span class='ocrx_word' id='word_1_8' title='bbox 1131 376 1258 428; x_wconf 85' lang='lat' dir='ltr'>foris</span> <span class='ocrx_word' id='word_1_9' title='bbox 1311 375 1588 442; x_wconf 84' lang='lat' dir='ltr'>contingis.</span> <span class='ocrx_word' id='word_1_10' title='bbox 1645 376 1812 443; x_wconf 80' lang='lat' dir='ltr'>frigis,</span> 
     </span>
    </p>
   </div>
   <div class='ocr_carea' id='block_1_4' title="bbox 229 448 1018 502">
    <p class='ocr_par' dir='ltr' id='par_1_4' title="bbox 229 448 1018 502">
     <span class='ocr_line' id='line_1_4' title="bbox 229 448 1018 502; baseline 0.003 -2"><span class='ocrx_word' id='word_1_11' title='bbox 229 450 284 501; x_wconf 91' lang='lat' dir='ltr'>in</span> <span class='ocrx_word' id='word_1_12' title='bbox 323 450 479 502; x_wconf 93' lang='lat' dir='ltr'>melle</span> <span class='ocrx_word' id='word_1_13' title='bbox 521 454 672 502; x_wconf 90' lang='lat' dir='ltr'>cocto</span> <span class='ocrx_word' id='word_1_14' title='bbox 715 453 766 502; x_wconf 90' lang='lat' dir='ltr'>et</span> <span class='ocrx_word' id='word_1_15' title='bbox 805 448 1018 502; x_wconf 86' lang='lat' dir='ltr'>inferes.</span> 
     </span>
    </p>
   </div>
   <div class='ocr_carea' id='block_1_5' title="bbox 231 578 985 2111">
    <p class='ocr_par' dir='ltr' id='par_1_5' title="bbox 231 578 985 2111">
     <span class='ocr_line' id='line_1_5' title="bbox 232 578 979 636; baseline -0.003 -12"><span class='ocrx_word' id='word_1_16' title='bbox 232 580 570 636; x_wconf 85' lang='lat' dir='ltr'>contingis]</span> <span class='ocrx_word' id='word_1_17' title='bbox 659 578 840 635; x_wconf 83' lang='lat' dir='ltr'>frigis</span> <span class='ocrx_word' id='word_1_18' title='bbox 922 580 979 622; x_wconf 90' lang='lat' dir='ltr'>in</span> 
     </span>
     <span class='ocr_line' id='line_1_6' title="bbox 231 637 978 683; baseline -0.001 -1"><span class='ocrx_word' id='word_1_19' title='bbox 231 638 405 683; x_wconf 92' lang='lat' dir='ltr'>melle</span> <span class='ocrx_word' id='word_1_20' title='bbox 438 644 612 682; x_wconf 91' lang='lat' dir='ltr'>cocto</span> <span class='ocrx_word' id='word_1_21' title='bbox 646 642 703 681; x_wconf 91' lang='lat' dir='ltr'>et</span> <span class='ocrx_word' id='word_1_22' title='bbox 734 637 978 682; x_wconf 86' lang='lat' dir='ltr'>inferes.</span> 
     </span>
     <span class='ocr_line' id='line_1_7' title="bbox 232 697 979 753; baseline -0.003 -12"><span class='ocrx_word' id='word_1_23' title='bbox 232 698 394 753; x_wconf 89' lang='lat' dir='ltr'>(verba</span> <span class='ocrx_word' id='word_1_24' title='bbox 434 697 612 741; x_wconf 88' lang='lat' dir='ltr'>inclusa</span> <span class='ocrx_word' id='word_1_25' title='bbox 654 710 744 740; x_wconf 92' lang='lat' dir='ltr'>non</span> <span class='ocrx_word' id='word_1_26' title='bbox 788 702 895 740; x_wconf 88' lang='lat' dir='ltr'>sunt</span> <span class='ocrx_word' id='word_1_27' title='bbox 934 697 979 740; x_wconf 89' lang='lat' dir='ltr'>in</span> 
     </span>
     <span class='ocr_line' id='line_1_8' title="bbox 231 755 980 811; baseline -0.001 -11"><span class='ocrx_word' id='word_1_28' title='bbox 231 755 436 809; x_wconf 89' lang='lat' dir='ltr'>mediol.)</span> <span class='ocrx_word' id='word_1_29' title='bbox 468 756 539 799; x_wconf 88' lang='lat' dir='ltr'>sui</span> <span class='ocrx_word' id='word_1_30' title='bbox 560 756 721 811; x_wconf 90' lang='lat' dir='ltr'>procul</span> <span class='ocrx_word' id='word_1_31' title='bbox 744 755 885 799; x_wconf 89' lang='lat' dir='ltr'>dubio</span> <span class='ocrx_word' id='word_1_32' title='bbox 906 769 980 799; x_wconf 92' lang='lat' dir='ltr'>co-</span> 
     </span>
     <span class='ocr_line' id='line_1_9' title="bbox 232 814 978 870; baseline -0.003 -12"><span class='ocrx_word' id='word_1_33' title='bbox 232 815 347 858; x_wconf 89' lang='lat' dir='ltr'>dicis</span> <span class='ocrx_word' id='word_1_34' title='bbox 380 827 468 870; x_wconf 90' lang='lat' dir='ltr'>ope</span> <span class='ocrx_word' id='word_1_35' title='bbox 500 815 632 858; x_wconf 89' lang='lat' dir='ltr'>Hum.</span> <span class='ocrx_word' id='word_1_36' title='bbox 663 814 810 858; x_wconf 82' lang='lat' dir='ltr'>edidit</span> <span class='ocrx_word' id='word_1_37' title='bbox 840 828 894 870; x_wconf 89' lang='lat' dir='ltr'>p.</span> <span class='ocrx_word' id='word_1_38' title='bbox 928 828 978 858; x_wconf 92' lang='lat' dir='ltr'>v.</span> 
     </span>
     <span class='ocr_line' id='line_1_10' title="bbox 233 873 979 929; baseline 0 -12"><span class='ocrx_word' id='word_1_39' title='bbox 233 874 287 917; x_wconf 90' lang='lat' dir='ltr'>d.</span> <span class='ocrx_word' id='word_1_40' title='bbox 321 878 577 929; x_wconf 86' lang='lat' dir='ltr'>excepto</span> <span class='ocrx_word' id='word_1_41' title='bbox 611 873 840 924; x_wconf 88' lang='lat' dir='ltr'>semine,</span> <span class='ocrx_word' id='word_1_42' title='bbox 879 887 979 917; x_wconf 90' lang='lat' dir='ltr'>nu-</span> 
     </span>
     <span class='ocr_line' id='line_1_11' title="bbox 233 932 976 988; baseline -0.001 -12"><span class='ocrx_word' id='word_1_43' title='bbox 233 946 294 976; x_wconf 92' lang='lat' dir='ltr'>ce</span> <span class='ocrx_word' id='word_1_44' title='bbox 326 944 382 980; x_wconf 77' lang='lat' dir='ltr'>v.</span> <span class='ocrx_word' id='word_1_45' title='bbox 413 946 466 976; x_wconf 91' lang='lat' dir='ltr'>n.</span> <span class='ocrx_word' id='word_1_46' title='bbox 500 932 595 977; x_wconf 92' lang='lat' dir='ltr'>vel</span> <span class='ocrx_word' id='word_1_47' title='bbox 626 934 833 988; x_wconf 85' lang='lat' dir='ltr'>pipere</span> <span class='ocrx_word' id='word_1_48' title='bbox 866 933 976 976; x_wconf 77' lang='lat' dir='ltr'>tri-</span> 
     </span>
     <span class='ocr_line' id='line_1_12' title="bbox 232 990 977 1043; baseline -0.003 -7"><span class='ocrx_word' id='word_1_49' title='bbox 232 996 292 1036; x_wconf 84' lang='lat' dir='ltr'>to</span> <span class='ocrx_word' id='word_1_50' title='bbox 326 990 632 1043; x_wconf 86' lang='lat' dir='ltr'>infarcies,</span> <span class='ocrx_word' id='word_1_51' title='bbox 665 991 789 1035; x_wconf 87' lang='lat' dir='ltr'>sale</span> <span class='ocrx_word' id='word_1_52' title='bbox 824 991 977 1035; x_wconf 87' lang='lat' dir='ltr'>foris</span> 
     </span>
     <span class='ocr_line' id='line_1_13' title="bbox 234 1049 978 1106; baseline -0.001 -12"><span class='ocrx_word' id='word_1_53' title='bbox 234 1050 567 1106; x_wconf 85' lang='lat' dir='ltr'>contingis,</span> <span class='ocrx_word' id='word_1_54' title='bbox 650 1049 829 1106; x_wconf 82' lang='lat' dir='ltr'>frigis</span> <span class='ocrx_word' id='word_1_55' title='bbox 917 1051 978 1095; x_wconf 92' lang='lat' dir='ltr'>in</span> 
     </span>
     <span class='ocr_line' id='line_1_14' title="bbox 233 1107 978 1154; baseline 0 -1"><span class='ocrx_word' id='word_1_56' title='bbox 233 1108 407 1154; x_wconf 89' lang='lat' dir='ltr'>melle</span> <span class='ocrx_word' id='word_1_57' title='bbox 441 1114 617 1154; x_wconf 87' lang='lat' dir='ltr'>cocto</span> <span class='ocrx_word' id='word_1_58' title='bbox 662 1114 719 1154; x_wconf 91' lang='lat' dir='ltr'>et</span> <span class='ocrx_word' id='word_1_59' title='bbox 750 1107 978 1154; x_wconf 90' lang='lat' dir='ltr'>inferes</span> 
     </span>
     <span class='ocr_line' id='line_1_15' title="bbox 234 1169 979 1224; baseline 0.001 -12"><span class='ocrx_word' id='word_1_60' title='bbox 234 1173 282 1212; x_wconf 93' lang='lat' dir='ltr'>et</span> <span class='ocrx_word' id='word_1_61' title='bbox 332 1173 555 1224; x_wconf 87' lang='lat' dir='ltr'>„excepto</span> <span class='ocrx_word' id='word_1_62' title='bbox 598 1169 796 1213; x_wconf 82' lang='lat' dir='ltr'>semine“</span> <span class='ocrx_word' id='word_1_63' title='bbox 840 1169 979 1213; x_wconf 92' lang='lat' dir='ltr'>inter-</span> 
     </span>
     <span class='ocr_line' id='line_1_16' title="bbox 233 1228 979 1283; baseline 0 -12"><span class='ocrx_word' id='word_1_64' title='bbox 233 1232 444 1283; x_wconf 88' lang='lat' dir='ltr'>pretatus</span> <span class='ocrx_word' id='word_1_65' title='bbox 478 1233 550 1272; x_wconf 88' lang='lat' dir='ltr'>est</span> <span class='ocrx_word' id='word_1_66' title='bbox 584 1228 793 1281; x_wconf 88' lang='lat' dir='ltr'>„ossibus</span> <span class='ocrx_word' id='word_1_67' title='bbox 826 1232 873 1271; x_wconf 86' lang='lat' dir='ltr'>et</span> <span class='ocrx_word' id='word_1_68' title='bbox 899 1242 979 1271; x_wconf 93' lang='lat' dir='ltr'>nu-</span> 
     </span>
     <span class='ocr_line' id='line_1_17' title="bbox 236 1287 981 1343; baseline -0.001 -13"><span class='ocrx_word' id='word_1_69' title='bbox 236 1287 346 1331; x_wconf 82' lang='lat' dir='ltr'>cleis</span> <span class='ocrx_word' id='word_1_70' title='bbox 396 1287 689 1343; x_wconf 75' lang='lat' dir='ltr'>dactylorum</span> <span class='ocrx_word' id='word_1_71' title='bbox 743 1287 981 1330; x_wconf 84' lang='lat' dir='ltr'>exemtis“.</span> 
     </span>
     <span class='ocr_line' id='line_1_18' title="bbox 240 1346 985 1402; baseline -0.001 -12"><span class='ocrx_word' id='word_1_72' title='bbox 240 1359 378 1402; x_wconf 90' lang='lat' dir='ltr'>quum</span> <span class='ocrx_word' id='word_1_73' title='bbox 428 1359 539 1390; x_wconf 88' lang='lat' dir='ltr'>vero</span> <span class='ocrx_word' id='word_1_74' title='bbox 592 1346 639 1389; x_wconf 90' lang='lat' dir='ltr'>in</span> <span class='ocrx_word' id='word_1_75' title='bbox 685 1346 985 1402; x_wconf 80' lang='lat' dir='ltr'>sequentibus</span> 
     </span>
     <span class='ocr_line' id='line_1_19' title="bbox 237 1404 985 1461; baseline -0.003 -12"><span class='ocrx_word' id='word_1_76' title='bbox 237 1405 477 1461; x_wconf 79' lang='lat' dir='ltr'>particulis</span> <span class='ocrx_word' id='word_1_77' title='bbox 520 1405 639 1449; x_wconf 85' lang='lat' dir='ltr'>alica</span> <span class='ocrx_word' id='word_1_78' title='bbox 681 1410 729 1449; x_wconf 91' lang='lat' dir='ltr'>et</span> <span class='ocrx_word' id='word_1_79' title='bbox 759 1404 910 1448; x_wconf 88' lang='lat' dir='ltr'>simila</span> <span class='ocrx_word' id='word_1_80' title='bbox 940 1405 985 1448; x_wconf 90' lang='lat' dir='ltr'>in</span> 
     </span>
     <span class='ocr_line' id='line_1_20' title="bbox 238 1463 984 1515; baseline -0.003 -6"><span class='ocrx_word' id='word_1_81' title='bbox 238 1477 294 1509; x_wconf 89' lang='lat' dir='ltr'>ea</span> <span class='ocrx_word' id='word_1_82' title='bbox 356 1464 510 1508; x_wconf 88' lang='lat' dir='ltr'>dulcia</span> <span class='ocrx_word' id='word_1_83' title='bbox 555 1463 878 1515; x_wconf 87' lang='lat' dir='ltr'>adhibeantur,</span> <span class='ocrx_word' id='word_1_84' title='bbox 940 1464 984 1507; x_wconf 90' lang='lat' dir='ltr'>in</span> 
     </span>
     <span class='ocr_line' id='line_1_21' title="bbox 238 1523 985 1579; baseline -0.001 -12"><span class='ocrx_word' id='word_1_85' title='bbox 238 1529 447 1579; x_wconf 91' lang='lat' dir='ltr'>tempore</span> <span class='ocrx_word' id='word_1_86' title='bbox 494 1523 589 1566; x_wconf 89' lang='lat' dir='ltr'>vidi</span> <span class='ocrx_word' id='word_1_87' title='bbox 642 1536 834 1567; x_wconf 86' lang='lat' dir='ltr'>semen</span> <span class='ocrx_word' id='word_1_88' title='bbox 894 1536 985 1567; x_wconf 90' lang='lat' dir='ltr'>non</span> 
     </span>
     <span class='ocr_line' id='line_1_22' title="bbox 236 1581 985 1638; baseline -0.004 -10"><span class='ocrx_word' id='word_1_89' title='bbox 236 1596 338 1628; x_wconf 88' lang='lat' dir='ltr'>esse</span> <span class='ocrx_word' id='word_1_90' title='bbox 390 1582 717 1638; x_wconf 89' lang='lat' dir='ltr'>palmularum,</span> <span class='ocrx_word' id='word_1_91' title='bbox 770 1581 854 1626; x_wconf 90' lang='lat' dir='ltr'>sed</span> <span class='ocrx_word' id='word_1_92' title='bbox 904 1582 985 1625; x_wconf 89' lang='lat' dir='ltr'>ad-</span> 
     </span>
     <span class='ocr_line' id='line_1_23' title="bbox 236 1641 984 1698; baseline -0.004 -11"><span class='ocrx_word' id='word_1_93' title='bbox 236 1655 408 1692; x_wconf 80' lang='lat' dir='ltr'>oreum,</span> <span class='ocrx_word' id='word_1_94' title='bbox 454 1654 605 1698; x_wconf 88' lang='lat' dir='ltr'>neque</span> <span class='ocrx_word' id='word_1_95' title='bbox 650 1647 804 1685; x_wconf 85' lang='lat' dir='ltr'>tamen</span> <span class='ocrx_word' id='word_1_96' title='bbox 847 1641 984 1684; x_wconf 91' lang='lat' dir='ltr'>Plinii</span> 
     </span>
     <span class='ocr_line' id='line_1_24' title="bbox 238 1700 983 1755; baseline -0.001 -11"><span class='ocrx_word' id='word_1_97' title='bbox 238 1702 307 1752; x_wconf 91' lang='lat'>18,</span> <span class='ocrx_word' id='word_1_98' title='bbox 343 1701 440 1745; x_wconf 85' lang='lat'>115.</span> <span class='ocrx_word' id='word_1_99' title='bbox 474 1701 638 1744; x_wconf 87' lang='lat' dir='ltr'>alicam</span> <span class='ocrx_word' id='word_1_100' title='bbox 680 1700 983 1755; x_wconf 85' lang='lat' dir='ltr'>excepticiam</span> 
     </span>
     <span class='ocr_line' id='line_1_25' title="bbox 235 1760 981 1816; baseline -0.004 -12"><span class='ocrx_word' id='word_1_101' title='bbox 235 1761 309 1805; x_wconf 91' lang='lat' dir='ltr'>vel</span> <span class='ocrx_word' id='word_1_102' title='bbox 355 1760 583 1816; x_wconf 85' lang='lat' dir='ltr'>siliginem</span> <span class='ocrx_word' id='word_1_103' title='bbox 626 1764 867 1815; x_wconf 87' lang='lat' dir='ltr'>exceptam</span> <span class='ocrx_word' id='word_1_104' title='bbox 914 1760 981 1811; x_wconf 88' lang='grc'>18,</span> 
     </span>
     <span class='ocr_line' id='line_1_26' title="bbox 234 1818 983 1875; baseline -0.003 -12"><span class='ocrx_word' id='word_1_105' title='bbox 234 1821 304 1863; x_wconf 87' lang='lat'>93.</span> <span class='ocrx_word' id='word_1_106' title='bbox 339 1832 457 1875; x_wconf 91' lang='lat' dir='ltr'>quae</span> <span class='ocrx_word' id='word_1_107' title='bbox 489 1819 615 1874; x_wconf 91' lang='lat' dir='ltr'>prior</span> <span class='ocrx_word' id='word_1_108' title='bbox 631 1831 734 1862; x_wconf 89' lang='lat' dir='ltr'>mea</span> <span class='ocrx_word' id='word_1_109' title='bbox 751 1818 983 1862; x_wconf 85' lang='lat' dir='ltr'>sententia</span> 
     </span>
     <span class='ocr_line' id='line_1_27' title="bbox 234 1877 981 1933; baseline -0.003 -10"><span class='ocrx_word' id='word_1_110' title='bbox 234 1883 350 1924; x_wconf 79' lang='lat' dir='ltr'>erat.</span> <span class='ocrx_word' id='word_1_111' title='bbox 392 1882 444 1922; x_wconf 90' lang='lat' dir='ltr'>ut</span> <span class='ocrx_word' id='word_1_112' title='bbox 486 1878 763 1922; x_wconf 88' lang='lat' dir='ltr'>frumentum</span> <span class='ocrx_word' id='word_1_113' title='bbox 803 1877 981 1933; x_wconf 86' lang='lat' dir='ltr'>aliquo-</span> 
     </span>
     <span class='ocr_line' id='line_1_28' title="bbox 233 1936 980 1991; baseline -0.004 -9"><span class='ocrx_word' id='word_1_114' title='bbox 233 1938 336 1990; x_wconf 86' lang='lat' dir='ltr'>ties,</span> <span class='ocrx_word' id='word_1_115' title='bbox 368 1937 563 1981; x_wconf 89' lang='lat' dir='ltr'>Martial.</span> <span class='ocrx_word' id='word_1_116' title='bbox 586 1939 654 1987; x_wconf 88' lang='grc'>12,</span> <span class='ocrx_word' id='word_1_117' title='bbox 675 1938 744 1987; x_wconf 85' lang='grc'>73,</span> <span class='ocrx_word' id='word_1_118' title='bbox 763 1937 804 1980; x_wconf 89' lang='grc'>5.</span> <span class='ocrx_word' id='word_1_119' title='bbox 837 1936 980 1991; x_wconf 88' lang='lat' dir='ltr'>Apul.</span> 
     </span>
     <span class='ocr_line' id='line_1_29' title="bbox 233 1995 980 2048; baseline -0.003 -8"><span class='ocrx_word' id='word_1_120' title='bbox 233 2002 339 2041; x_wconf 87' lang='lat' dir='ltr'>met.</span> <span class='ocrx_word' id='word_1_121' title='bbox 375 1997 415 2048; x_wconf 89' lang='grc'>6,</span> <span class='ocrx_word' id='word_1_122' title='bbox 452 1996 520 2040; x_wconf 89' lang='grc' dir='ltr'>1Ο.</span> <span class='ocrx_word' id='word_1_123' title='bbox 563 1996 716 2039; x_wconf 83' lang='lat' dir='ltr'>Edict.</span> <span class='ocrx_word' id='word_1_124' title='bbox 756 1995 905 2039; x_wconf 92' lang='lat' dir='ltr'>Diocl.</span> <span class='ocrx_word' id='word_1_125' title='bbox 943 1997 980 2046; x_wconf 90' lang='lat'>1,</span> 
     </span>
     <span class='ocr_line' id='line_1_30' title="bbox 234 2055 981 2111; baseline -0.001 -13"><span class='ocrx_word' id='word_1_126' title='bbox 234 2058 274 2099; x_wconf 86' lang='lat'>1.</span> <span class='ocrx_word' id='word_1_127' title='bbox 308 2060 379 2100; x_wconf 91' lang='lat' dir='ltr'>est</span> <span class='ocrx_word' id='word_1_128' title='bbox 411 2055 537 2111; x_wconf 90' lang='lat' dir='ltr'>quod</span> <span class='ocrx_word' id='word_1_129' title='bbox 569 2055 786 2105; x_wconf 90' lang='lat' dir='ltr'>triticum,</span> <span class='ocrx_word' id='word_1_130' title='bbox 818 2055 885 2098; x_wconf 91' lang='lat' dir='ltr'>sic</span> <span class='ocrx_word' id='word_1_131' title='bbox 911 2068 981 2098; x_wconf 92' lang='lat' dir='ltr'>se-</span> 
     </span>
    </p>
   </div>
   <div class='ocr_carea' id='block_1_6' title="bbox 231 2112 980 2164">
    <p class='ocr_par' dir='ltr' id='par_1_6' title="bbox 231 2112 980 2164">
     <span class='ocr_line' id='line_1_31' title="bbox 231 2112 980 2164; baseline -0.004 -5"><span class='ocrx_word' id='word_1_132' title='bbox 231 2127 335 2159; x_wconf 90' lang='lat' dir='ltr'>men</span> <span class='ocrx_word' id='word_1_133' title='bbox 367 2128 459 2158; x_wconf 92' lang='lat' dir='ltr'>non</span> <span class='ocrx_word' id='word_1_134' title='bbox 491 2127 595 2158; x_wconf 90' lang='lat' dir='ltr'>raro</span> <span class='ocrx_word' id='word_1_135' title='bbox 629 2118 701 2157; x_wconf 86' lang='lat' dir='ltr'>est</span> <span class='ocrx_word' id='word_1_136' title='bbox 733 2126 828 2164; x_wconf 91' lang='lat' dir='ltr'>zea,</span> <span class='ocrx_word' id='word_1_137' title='bbox 862 2112 980 2157; x_wconf 85' lang='lat' dir='ltr'>Scri-</span> 
     </span>
    </p>
   </div>
   <div class='ocr_carea' id='block_1_7' title="bbox 225 2172 979 2937">
    <p class='ocr_par' dir='ltr' id='par_1_7' title="bbox 225 2172 979 2937">
     <span class='ocr_line' id='line_1_32' title="bbox 230 2172 978 2223; baseline -0.001 -6"><span class='ocrx_word' id='word_1_138' title='bbox 230 2174 337 2218; x_wconf 90' lang='lat' dir='ltr'>bon.</span> <span class='ocrx_word' id='word_1_139' title='bbox 372 2173 442 2216; x_wconf 83' lang='lat'>70.</span> <span class='ocrx_word' id='word_1_140' title='bbox 486 2173 602 2216; x_wconf 89' lang='lat' dir='ltr'>Plin.</span> <span class='ocrx_word' id='word_1_141' title='bbox 645 2172 709 2223; x_wconf 86' lang='lat'>18,</span> <span class='ocrx_word' id='word_1_142' title='bbox 747 2174 842 2215; x_wconf 85' lang='grc'>112.</span> <span class='ocrx_word' id='word_1_143' title='bbox 878 2173 978 2216; x_wconf 86' lang='grc'>198.</span> 
     </span>
     <span class='ocr_line' id='line_1_33' title="bbox 230 2231 977 2283; baseline -0.004 -8"><span class='ocrx_word' id='word_1_144' title='bbox 230 2233 304 2280; x_wconf 76' lang='grc'>82.</span> <span class='ocrx_word' id='word_1_145' title='bbox 332 2233 428 2275; x_wconf 92' lang='grc'>115.</span> <span class='ocrx_word' id='word_1_146' title='bbox 449 2233 520 2283; x_wconf 92' lang='grc'>22,</span> <span class='ocrx_word' id='word_1_147' title='bbox 542 2232 638 2275; x_wconf 91' lang='grc'>124.</span> <span class='ocrx_word' id='word_1_148' title='bbox 674 2231 851 2275; x_wconf 83' lang='lat' dir='ltr'>Colum.</span> <span class='ocrx_word' id='word_1_149' title='bbox 872 2232 912 2282; x_wconf 89' lang='grc'>2,</span> <span class='ocrx_word' id='word_1_150' title='bbox 937 2232 977 2273; x_wconf 88' lang='grc'>6.</span> 
     </span>
     <span class='ocr_line' id='line_1_34' title="bbox 229 2290 975 2345; baseline -0.004 -10"><span class='ocrx_word' id='word_1_151' title='bbox 229 2292 384 2336; x_wconf 87' lang='lat' dir='ltr'>Diosc.</span> <span class='ocrx_word' id='word_1_152' title='bbox 420 2292 461 2342; x_wconf 87' lang='lat'>2,</span> <span class='ocrx_word' id='word_1_153' title='bbox 498 2292 593 2334; x_wconf 91' lang='grc'>118.</span> <span class='ocrx_word' id='word_1_154' title='bbox 631 2290 839 2345; x_wconf 84' lang='lat' dir='ltr'>Geopon.</span> <span class='ocrx_word' id='word_1_155' title='bbox 874 2291 915 2340; x_wconf 89' lang='lat'>3,</span> <span class='ocrx_word' id='word_1_156' title='bbox 936 2291 975 2332; x_wconf 92' lang='grc'>7.</span> 
     </span>
     <span class='ocr_line' id='line_1_35' title="bbox 228 2349 979 2402; baseline -0.004 -8"><span class='ocrx_word' id='word_1_157' title='bbox 228 2350 391 2394; x_wconf 90' lang='lat' dir='ltr'>Isidor.</span> <span class='ocrx_word' id='word_1_158' title='bbox 450 2351 518 2402; x_wconf 89' lang='grc'>17,</span> <span class='ocrx_word' id='word_1_159' title='bbox 575 2351 617 2400; x_wconf 83' lang='grc'>3,</span> <span class='ocrx_word' id='word_1_160' title='bbox 672 2350 710 2392; x_wconf 89' lang='grc'>6.</span> <span class='ocrx_word' id='word_1_161' title='bbox 775 2349 979 2392; x_wconf 86' lang='lat' dir='ltr'>triticum</span> 
     </span>
     <span class='ocr_line' id='line_1_36' title="bbox 228 2407 975 2464; baseline -0.004 -11"><span class='ocrx_word' id='word_1_162' title='bbox 228 2409 382 2464; x_wconf 89' lang='lat' dir='ltr'>spelta</span> <span class='ocrx_word' id='word_1_163' title='bbox 428 2409 476 2451; x_wconf 92' lang='lat' dir='ltr'>L.</span> <span class='ocrx_word' id='word_1_164' title='bbox 552 2408 680 2452; x_wconf 88' lang='lat' dir='ltr'>Petit</span> <span class='ocrx_word' id='word_1_165' title='bbox 722 2407 975 2452; x_wconf 83' lang='lat' dir='ltr'>Comment.</span> 
     </span>
     <span class='ocr_line' id='line_1_37' title="bbox 228 2466 976 2523; baseline -0.003 -11"><span class='ocrx_word' id='word_1_166' title='bbox 228 2469 291 2512; x_wconf 87' lang='lat' dir='ltr'>ad</span> <span class='ocrx_word' id='word_1_167' title='bbox 322 2467 514 2512; x_wconf 87' lang='lat' dir='ltr'>Aretae.</span> <span class='ocrx_word' id='word_1_168' title='bbox 548 2481 591 2523; x_wconf 91' lang='lat' dir='ltr'>p.</span> <span class='ocrx_word' id='word_1_169' title='bbox 612 2466 711 2510; x_wconf 89' lang='lat'>254.</span> <span class='ocrx_word' id='word_1_170' title='bbox 732 2467 804 2511; x_wconf 87' lang='lat' dir='ltr'>ed.</span> <span class='ocrx_word' id='word_1_171' title='bbox 829 2466 976 2522; x_wconf 88' lang='lat' dir='ltr'>Lugd.</span> 
     </span>
     <span class='ocr_line' id='line_1_38' title="bbox 226 2525 974 2582; baseline -0.003 -12"><span class='ocrx_word' id='word_1_172' title='bbox 226 2527 330 2570; x_wconf 87' lang='lat' dir='ltr'>Bat.</span> <span class='ocrx_word' id='word_1_173' title='bbox 363 2525 698 2582; x_wconf 81' lang='lat' dir='ltr'>„Asclepiades</span> <span class='ocrx_word' id='word_1_174' title='bbox 720 2539 792 2582; x_wconf 90' lang='lat' dir='ltr'>ap.</span> <span class='ocrx_word' id='word_1_175' title='bbox 815 2525 974 2570; x_wconf 85' lang='lat' dir='ltr'>Galen.</span> 
     </span>
     <span class='ocr_line' id='line_1_39' title="bbox 227 2585 974 2640; baseline -0.004 -11"><span class='ocrx_word' id='word_1_176' title='bbox 227 2586 305 2630; x_wconf 88' lang='lat' dir='ltr'>lib.</span> <span class='ocrx_word' id='word_1_177' title='bbox 354 2587 396 2630; x_wconf 90' lang='grc'>9.</span> <span class='ocrx_word' id='word_1_178' title='bbox 447 2586 504 2629; x_wconf 92' lang='lat' dir='ltr'>de</span> <span class='ocrx_word' id='word_1_179' title='bbox 558 2598 760 2640; x_wconf 89' lang='lat' dir='ltr'>compos.</span> <span class='ocrx_word' id='word_1_180' title='bbox 811 2585 974 2628; x_wconf 86' lang='lat' dir='ltr'>medic.</span> 
     </span>
     <span class='ocr_line' id='line_1_40' title="bbox 226 2642 976 2699; baseline 0.004 -16"><span class='ocrx_word' id='word_1_181' title='bbox 226 2643 329 2684; x_wconf 75' lang='grc' dir='ltr'><strong><em>κατὰ</em></strong></span> <span class='ocrx_word' id='word_1_182' title='bbox 363 2643 526 2690; x_wconf 82' lang='grc' dir='ltr'><em>τόπους</em></span> <span class='ocrx_word' id='word_1_183' title='bbox 558 2656 656 2699; x_wconf 86' lang='lat' dir='ltr'>cap.</span> <span class='ocrx_word' id='word_1_184' title='bbox 691 2645 730 2687; x_wconf 90' lang='lat'>3.</span> <span class='ocrx_word' id='word_1_185' title='bbox 767 2642 837 2687; x_wconf 90' lang='lat' dir='ltr'>far</span> <span class='ocrx_word' id='word_1_186' title='bbox 854 2644 976 2688; x_wconf 87' lang='lat' dir='ltr'>idem</span> 
     </span>
     <span class='ocr_line' id='line_1_41' title="bbox 226 2702 976 2759; baseline -0.003 -12"><span class='ocrx_word' id='word_1_187' title='bbox 226 2717 330 2748; x_wconf 91' lang='lat' dir='ltr'>esse</span> <span class='ocrx_word' id='word_1_188' title='bbox 374 2704 500 2759; x_wconf 90' lang='lat' dir='ltr'>quod</span> <span class='ocrx_word' id='word_1_189' title='bbox 542 2702 651 2751; x_wconf 75' lang='grc' dir='ltr'>ζειᾶν</span> <span class='ocrx_word' id='word_1_190' title='bbox 695 2702 976 2747; x_wconf 83' lang='lat' dir='ltr'>Graecorum</span> 
     </span>
     <span class='ocr_line' id='line_1_42' title="bbox 225 2761 976 2807; baseline -0.004 0"><span class='ocrx_word' id='word_1_191' title='bbox 225 2763 513 2807; x_wconf 84' lang='lat' dir='ltr'>existimavit</span> <span class='ocrx_word' id='word_1_192' title='bbox 532 2787 583 2791; x_wconf 92' lang='lat'>—</span> <span class='ocrx_word' id='word_1_193' title='bbox 601 2761 689 2806; x_wconf 88' lang='lat' dir='ltr'>sed</span> <span class='ocrx_word' id='word_1_194' title='bbox 722 2767 793 2806; x_wconf 87' lang='lat' dir='ltr'>est</span> <span class='ocrx_word' id='word_1_195' title='bbox 822 2766 976 2806; x_wconf 86' lang='lat' dir='ltr'>tamen</span> 
     </span>
     <span class='ocr_line' id='line_1_43' title="bbox 225 2820 973 2876; baseline -0.005 -10"><span class='ocrx_word' id='word_1_196' title='bbox 225 2835 383 2867; x_wconf 92' lang='lat' dir='ltr'>eorum</span> <span class='ocrx_word' id='word_1_197' title='bbox 415 2822 464 2865; x_wconf 87' lang='lat' dir='ltr'>id</span> <span class='ocrx_word' id='word_1_198' title='bbox 497 2821 741 2865; x_wconf 84' lang='lat' dir='ltr'>discrimen</span> <span class='ocrx_word' id='word_1_199' title='bbox 760 2821 886 2876; x_wconf 90' lang='lat' dir='ltr'>quod</span> <span class='ocrx_word' id='word_1_200' title='bbox 907 2820 973 2869; x_wconf 78' lang='grc' dir='ltr'>ζεὰ</span> 
     </span>
     <span class='ocr_line' id='line_1_44' title="bbox 225 2880 975 2937; baseline -0.004 -11"><span class='ocrx_word' id='word_1_201' title='bbox 225 2885 297 2926; x_wconf 84' lang='lat' dir='ltr'>est</span> <span class='ocrx_word' id='word_1_202' title='bbox 328 2894 473 2937; x_wconf 85' lang='lat' dir='ltr'>genus</span> <span class='ocrx_word' id='word_1_203' title='bbox 518 2880 634 2924; x_wconf 86' lang='lat' dir='ltr'>illud</span> <span class='ocrx_word' id='word_1_204' title='bbox 668 2880 886 2924; x_wconf 85' lang='lat' dir='ltr'>frumenti</span> <span class='ocrx_word' id='word_1_205' title='bbox 920 2893 975 2924; x_wconf 83' lang='lat' dir='ltr'>ex</span> 
     </span>
    </p>
   </div>
   <div class='ocr_carea' id='block_1_8' title="bbox 1066 574 1820 2934">
    <p class='ocr_par' dir='ltr' id='par_1_8' title="bbox 1066 574 1820 2934">
     <span class='ocr_line' id='line_1_45' title="bbox 1073 574 1816 636; baseline 0.001 -13"><span class='ocrx_word' id='word_1_206' title='bbox 1073 593 1163 636; x_wconf 89' lang='lat' dir='ltr'>quo</span> <span class='ocrx_word' id='word_1_207' title='bbox 1198 578 1269 622; x_wconf 86' lang='lat' dir='ltr'>far</span> <span class='ocrx_word' id='word_1_208' title='bbox 1301 574 1647 630; x_wconf 88' lang='lat' dir='ltr'>conficiebatur,</span> <span class='ocrx_word' id='word_1_209' title='bbox 1690 581 1816 635; x_wconf 91' lang='lat' dir='ltr'>quod</span> 
     </span>
     <span class='ocr_line' id='line_1_46' title="bbox 1070 636 1816 691; baseline 0.008 -14"><span class='ocrx_word' id='word_1_210' title='bbox 1070 638 1158 677; x_wconf 79' lang='grc' dir='ltr'>κατ’</span> <span class='ocrx_word' id='word_1_211' title='bbox 1218 636 1374 691; x_wconf 70' lang='grc' dir='ltr'><strong><em>ἐξοχὴν</em></strong></span> <span class='ocrx_word' id='word_1_212' title='bbox 1427 652 1582 681; x_wconf 85' lang='lat' dir='ltr'>semen</span> <span class='ocrx_word' id='word_1_213' title='bbox 1633 638 1816 683; x_wconf 88' lang='lat' dir='ltr'>diceba-</span> 
     </span>
     <span class='ocr_line' id='line_1_47' title="bbox 1071 697 1814 752; baseline 0 -12"><span class='ocrx_word' id='word_1_214' title='bbox 1071 700 1188 740; x_wconf 85' lang='lat' dir='ltr'>tur“.</span> <span class='ocrx_word' id='word_1_215' title='bbox 1221 697 1346 740; x_wconf 83' lang='lat' dir='ltr'>addo</span> <span class='ocrx_word' id='word_1_216' title='bbox 1379 697 1600 752; x_wconf 84' lang='lat' dir='ltr'>Pelagon.</span> <span class='ocrx_word' id='word_1_217' title='bbox 1625 699 1647 739; x_wconf 86' lang='lat'>1</span> <span class='ocrx_word' id='word_1_218' title='bbox 1682 711 1724 752; x_wconf 91' lang='lat' dir='ltr'>p.</span> <span class='ocrx_word' id='word_1_219' title='bbox 1749 699 1814 740; x_wconf 88' lang='lat'>15.</span> 
     </span>
     <span class='ocr_line' id='line_1_48' title="bbox 1075 754 1818 809; baseline -0.001 -9"><span class='ocrx_word' id='word_1_220' title='bbox 1075 755 1285 809; x_wconf 82' lang='lat' dir='ltr'>„seminis</span> <span class='ocrx_word' id='word_1_221' title='bbox 1332 754 1480 798; x_wconf 89' lang='lat' dir='ltr'>farina</span> <span class='ocrx_word' id='word_1_222' title='bbox 1526 755 1576 798; x_wconf 90' lang='lat' dir='ltr'>id</span> <span class='ocrx_word' id='word_1_223' title='bbox 1629 761 1700 799; x_wconf 89' lang='lat' dir='ltr'>est</span> <span class='ocrx_word' id='word_1_224' title='bbox 1747 754 1818 799; x_wconf 86' lang='lat' dir='ltr'>far</span> 
     </span>
     <span class='ocr_line' id='line_1_49' title="bbox 1072 814 1817 870; baseline 0.003 -12"><span class='ocrx_word' id='word_1_225' title='bbox 1072 814 1383 858; x_wconf 85' lang='lat' dir='ltr'>cantabrum“.</span> <span class='ocrx_word' id='word_1_226' title='bbox 1429 815 1535 870; x_wconf 88' lang='lat' dir='ltr'>lego</span> <span class='ocrx_word' id='word_1_227' title='bbox 1579 815 1698 858; x_wconf 92' lang='lat' dir='ltr'>enim</span> <span class='ocrx_word' id='word_1_228' title='bbox 1741 828 1817 860; x_wconf 91' lang='lat' dir='ltr'>ne-</span> 
     </span>
     <span class='ocr_line' id='line_1_50' title="bbox 1072 876 1819 930; baseline 0.001 -13"><span class='ocrx_word' id='word_1_229' title='bbox 1072 887 1159 930; x_wconf 90' lang='lat' dir='ltr'>que</span> <span class='ocrx_word' id='word_1_230' title='bbox 1196 876 1444 928; x_wconf 73' lang='lat' dir='ltr'>„except-0⁸⁴</span> <span class='ocrx_word' id='word_1_231' title='bbox 1483 886 1583 916; x_wconf 91' lang='lat' dir='ltr'>cum</span> <span class='ocrx_word' id='word_1_232' title='bbox 1615 886 1713 928; x_wconf 86' lang='lat' dir='ltr'>par.</span> <span class='ocrx_word' id='word_1_233' title='bbox 1741 887 1819 918; x_wconf 90' lang='lat' dir='ltr'>ne·</span> 
     </span>
     <span class='ocr_line' id='line_1_51' title="bbox 1068 932 1818 988; baseline -0.001 -11"><span class='ocrx_word' id='word_1_234' title='bbox 1068 946 1157 988; x_wconf 90' lang='lat' dir='ltr'>que</span> <span class='ocrx_word' id='word_1_235' title='bbox 1190 937 1247 976; x_wconf 85' lang='lat' dir='ltr'>et</span> <span class='ocrx_word' id='word_1_236' title='bbox 1271 936 1446 987; x_wconf 85' lang='lat' dir='ltr'>cepto</span> <span class='ocrx_word' id='word_1_237' title='bbox 1471 932 1546 976; x_wconf 88' lang='lat' dir='ltr'>vel</span> <span class='ocrx_word' id='word_1_238' title='bbox 1572 937 1818 988; x_wconf 90' lang='lat' dir='ltr'>etcoep-</span> 
     </span>
     <span class='ocr_line' id='line_1_52' title="bbox 1068 991 1818 1047; baseline 0.001 -13"><span class='ocrx_word' id='word_1_239' title='bbox 1068 998 1127 1035; x_wconf 91' lang='lat' dir='ltr'>to</span> <span class='ocrx_word' id='word_1_240' title='bbox 1163 1004 1263 1034; x_wconf 91' lang='lat' dir='ltr'>cum</span> <span class='ocrx_word' id='word_1_241' title='bbox 1295 991 1498 1047; x_wconf 90' lang='lat' dir='ltr'>reliquis,</span> <span class='ocrx_word' id='word_1_242' title='bbox 1530 992 1613 1035; x_wconf 87' lang='lat' dir='ltr'>sed</span> <span class='ocrx_word' id='word_1_243' title='bbox 1645 995 1696 1034; x_wconf 82' lang='lat' dir='ltr'>ut</span> <span class='ocrx_word' id='word_1_244' title='bbox 1727 993 1818 1035; x_wconf 90' lang='lat' dir='ltr'>iam</span> 
     </span>
     <span class='ocr_line' id='line_1_53' title="bbox 1069 1050 1817 1105; baseline 0.001 -11"><span class='ocrx_word' id='word_1_245' title='bbox 1069 1050 1271 1094; x_wconf 88' lang='lat' dir='ltr'>secunda</span> <span class='ocrx_word' id='word_1_246' title='bbox 1303 1062 1464 1094; x_wconf 88' lang='lat' dir='ltr'>manus</span> <span class='ocrx_word' id='word_1_247' title='bbox 1483 1050 1655 1094; x_wconf 86' lang='lat' dir='ltr'>codicis</span> <span class='ocrx_word' id='word_1_248' title='bbox 1673 1067 1698 1105; x_wconf 85' lang='grc' dir='ltr'><em>γ</em></span> <span class='ocrx_word' id='word_1_249' title='bbox 1721 1064 1817 1095; x_wconf 89' lang='lat' dir='ltr'>cor-</span> 
     </span>
     <span class='ocr_line' id='line_1_54' title="bbox 1070 1110 1818 1164; baseline 0.003 -12"><span class='ocrx_word' id='word_1_250' title='bbox 1070 1110 1189 1154; x_wconf 89' lang='lat' dir='ltr'>rexit</span> <span class='ocrx_word' id='word_1_251' title='bbox 1221 1114 1279 1153; x_wconf 89' lang='lat' dir='ltr'>et</span> <span class='ocrx_word' id='word_1_252' title='bbox 1312 1113 1493 1164; x_wconf 90' lang='lat' dir='ltr'>copto</span> <span class='ocrx_word' id='word_1_253' title='bbox 1539 1134 1590 1139; x_wconf 88' lang='lat'>—-</span> <span class='ocrx_word' id='word_1_254' title='bbox 1630 1110 1818 1154; x_wconf 86' lang='lat' dir='ltr'>volebat</span> 
     </span>
     <span class='ocr_line' id='line_1_55' title="bbox 1071 1168 1819 1224; baseline -0.001 -12"><span class='ocrx_word' id='word_1_255' title='bbox 1071 1172 1252 1223; x_wconf 86' lang='lat' dir='ltr'>copta</span> <span class='ocrx_word' id='word_1_256' title='bbox 1289 1194 1336 1198; x_wconf 82' lang='lat'>—</span> <span class='ocrx_word' id='word_1_257' title='bbox 1362 1180 1480 1224; x_wconf 90' lang='lat' dir='ltr'>quae</span> <span class='ocrx_word' id='word_1_258' title='bbox 1498 1168 1819 1223; x_wconf 86' lang='lat' dir='ltr'>graecolatina</span> 
     </span>
     <span class='ocr_line' id='line_1_56' title="bbox 1071 1227 1819 1282; baseline 0 -11"><span class='ocrx_word' id='word_1_259' title='bbox 1071 1241 1165 1271; x_wconf 82' lang='lat' dir='ltr'>vox</span> <span class='ocrx_word' id='word_1_260' title='bbox 1206 1227 1353 1270; x_wconf 89' lang='lat' dir='ltr'>minus</span> <span class='ocrx_word' id='word_1_261' title='bbox 1401 1227 1591 1282; x_wconf 85' lang='lat' dir='ltr'>cognita</span> <span class='ocrx_word' id='word_1_262' title='bbox 1633 1240 1661 1269; x_wconf 89' lang='lat' dir='ltr'>a</span> <span class='ocrx_word' id='word_1_263' title='bbox 1703 1240 1819 1271; x_wconf 86' lang='lat' dir='ltr'>mar-</span> 
     </span>
     <span class='ocr_line' id='line_1_57' title="bbox 1075 1286 1816 1342; baseline 0.001 -13"><span class='ocrx_word' id='word_1_264' title='bbox 1075 1287 1181 1342; x_wconf 81' lang='lat' dir='ltr'>gine</span> <span class='ocrx_word' id='word_1_265' title='bbox 1223 1286 1267 1329; x_wconf 90' lang='lat' dir='ltr'>in</span> <span class='ocrx_word' id='word_1_266' title='bbox 1311 1290 1578 1329; x_wconf 88' lang='lat' dir='ltr'>contextum</span> <span class='ocrx_word' id='word_1_267' title='bbox 1621 1286 1816 1341; x_wconf 88' lang='lat' dir='ltr'>irrepsit.</span> 
     </span>
     <span class='ocr_line' id='line_1_58' title="bbox 1075 1344 1820 1400; baseline 0.003 -16"><span class='ocrx_word' id='word_1_268' title='bbox 1075 1344 1241 1385; x_wconf 75' lang='grc' dir='ltr'><em>κοπτόν</em></span> <span class='ocrx_word' id='word_1_269' title='bbox 1272 1358 1354 1388; x_wconf 81' lang='lat' dir='ltr'>seu</span> <span class='ocrx_word' id='word_1_270' title='bbox 1385 1344 1522 1397; x_wconf 72' lang='grc' dir='ltr'><em>κοπτή</em></span> <span class='ocrx_word' id='word_1_271' title='bbox 1558 1347 1734 1400; x_wconf 82' lang='grc' dir='ltr'>(κοπτῆς</span> <span class='ocrx_word' id='word_1_272' title='bbox 1756 1363 1820 1399; x_wconf 83' lang='grc' dir='ltr'>φι-</span> 
     </span>
     <span class='ocr_line' id='line_1_59' title="bbox 1075 1402 1819 1450; baseline 0.008 -7"><span class='ocrx_word' id='word_1_273' title='bbox 1075 1405 1155 1443; x_wconf 79' lang='grc' dir='ltr'><strong><em>λίαι</em></strong></span> <span class='ocrx_word' id='word_1_274' title='bbox 1188 1402 1340 1450; x_wconf 81' lang='grc' dir='ltr'><em>πλάκες</em></span> <span class='ocrx_word' id='word_1_275' title='bbox 1372 1402 1562 1448; x_wconf 84' lang='lat' dir='ltr'>Straton</span> <span class='ocrx_word' id='word_1_276' title='bbox 1594 1404 1640 1447; x_wconf 92' lang='lat' dir='ltr'>in</span> <span class='ocrx_word' id='word_1_277' title='bbox 1671 1404 1819 1450; x_wconf 81' lang='lat' dir='ltr'>Anth.</span> 
     </span>
     <span class='ocr_line' id='line_1_60' title="bbox 1074 1462 1818 1518; baseline 0.003 -12"><span class='ocrx_word' id='word_1_278' title='bbox 1074 1462 1171 1506; x_wconf 90' lang='lat' dir='ltr'>Pal.</span> <span class='ocrx_word' id='word_1_279' title='bbox 1230 1464 1297 1514; x_wconf 88' lang='grc'>12,</span> <span class='ocrx_word' id='word_1_280' title='bbox 1346 1464 1387 1514; x_wconf 93' lang='grc'>2,</span> <span class='ocrx_word' id='word_1_281' title='bbox 1438 1463 1509 1515; x_wconf 88' lang='lat'>12)</span> <span class='ocrx_word' id='word_1_282' title='bbox 1569 1468 1818 1518; x_wconf 85' lang='lat' dir='ltr'>coptum,</span> 
     </span>
     <span class='ocr_line' id='line_1_61' title="bbox 1076 1522 1817 1577; baseline 0.001 -11"><span class='ocrx_word' id='word_1_283' title='bbox 1076 1527 1216 1577; x_wconf 86' lang='lat' dir='ltr'>copta</span> <span class='ocrx_word' id='word_1_284' title='bbox 1249 1522 1449 1577; x_wconf 89' lang='lat' dir='ltr'>(Petron.</span> <span class='ocrx_word' id='word_1_285' title='bbox 1468 1522 1541 1573; x_wconf 88' lang='grc'>40,</span> <span class='ocrx_word' id='word_1_286' title='bbox 1557 1522 1597 1565; x_wconf 92' lang='grc'>4.</span> <span class='ocrx_word' id='word_1_287' title='bbox 1622 1523 1817 1567; x_wconf 83' lang='lat' dir='ltr'>Martial.</span> 
     </span>
     <span class='ocr_line' id='line_1_62' title="bbox 1078 1581 1818 1635; baseline -0.004 -11"><span class='ocrx_word' id='word_1_288' title='bbox 1078 1581 1147 1632; x_wconf 89' lang='lat'>14,</span> <span class='ocrx_word' id='word_1_289' title='bbox 1186 1582 1275 1635; x_wconf 88' lang='grc'>68),</span> <span class='ocrx_word' id='word_1_290' title='bbox 1318 1581 1650 1625; x_wconf 88' lang='lat' dir='ltr'>deminutivum</span> <span class='ocrx_word' id='word_1_291' title='bbox 1702 1599 1818 1622; x_wconf 83' lang='grc' dir='ltr'><em>κοπ-</em></span> 
     </span>
     <span class='ocr_line' id='line_1_63' title="bbox 1074 1640 1816 1695; baseline 0.003 -16"><span class='ocrx_word' id='word_1_292' title='bbox 1074 1640 1233 1694; x_wconf 77' lang='grc' dir='ltr'>τᾶριον,</span> <span class='ocrx_word' id='word_1_293' title='bbox 1286 1641 1594 1695; x_wconf 80' lang='lat' dir='ltr'>compositum</span> <span class='ocrx_word' id='word_1_294' title='bbox 1647 1657 1816 1681; x_wconf 81' lang='grc' dir='ltr'><em>κοπτο-</em></span> 
     </span>
     <span class='ocr_line' id='line_1_64' title="bbox 1074 1699 1818 1756; baseline 0.009 -18"><span class='ocrx_word' id='word_1_295' title='bbox 1074 1700 1258 1745; x_wconf 77' lang='grc' dir='ltr'><em>πλακοῦς</em></span> <span class='ocrx_word' id='word_1_296' title='bbox 1284 1699 1475 1754; x_wconf 76' lang='lat' dir='ltr'><strong>(Athen.</strong></span> <span class='ocrx_word' id='word_1_297' title='bbox 1499 1700 1568 1750; x_wconf 82' lang='lat'>14,</span> <span class='ocrx_word' id='word_1_298' title='bbox 1586 1700 1676 1752; x_wconf 78' lang='grc'>57.)</span> <span class='ocrx_word' id='word_1_299' title='bbox 1710 1714 1818 1756; x_wconf 80' lang='lat' dir='ltr'>Gop-</span> 
     </span>
     <span class='ocr_line' id='line_1_65' title="bbox 1074 1758 1819 1814; baseline 0.003 -13"><span class='ocrx_word' id='word_1_300' title='bbox 1074 1758 1343 1813; x_wconf 84' lang='lat' dir='ltr'>toplacenta</span> <span class='ocrx_word' id='word_1_301' title='bbox 1375 1762 1534 1814; x_wconf 87' lang='lat' dir='ltr'>(poeta</span> <span class='ocrx_word' id='word_1_302' title='bbox 1566 1759 1610 1801; x_wconf 88' lang='lat' dir='ltr'>in</span> <span class='ocrx_word' id='word_1_303' title='bbox 1636 1759 1819 1803; x_wconf 89' lang='lat' dir='ltr'>Werns-</span> 
     </span>
     <span class='ocr_line' id='line_1_66' title="bbox 1074 1816 1815 1862; baseline 0.003 -2"><span class='ocrx_word' id='word_1_304' title='bbox 1074 1816 1190 1861; x_wconf 89' lang='lat' dir='ltr'>dorf.</span> <span class='ocrx_word' id='word_1_305' title='bbox 1235 1817 1365 1861; x_wconf 90' lang='lat' dir='ltr'>Poet.</span> <span class='ocrx_word' id='word_1_306' title='bbox 1409 1818 1491 1861; x_wconf 82' lang='lat' dir='ltr'>lat.</span> <span class='ocrx_word' id='word_1_307' title='bbox 1533 1818 1638 1860; x_wconf 90' lang='lat' dir='ltr'>min.</span> <span class='ocrx_word' id='word_1_308' title='bbox 1673 1818 1724 1861; x_wconf 84' lang='grc' dir='ltr'>Τ.</span> <span class='ocrx_word' id='word_1_309' title='bbox 1759 1819 1815 1862; x_wconf 90' lang='grc' dir='ltr'>ΙΙ.</span> 
     </span>
     <span class='ocr_line' id='line_1_67' title="bbox 1073 1876 1817 1932; baseline 0.003 -13"><span class='ocrx_word' id='word_1_310' title='bbox 1073 1890 1114 1931; x_wconf 89' lang='lat' dir='ltr'>p.</span> <span class='ocrx_word' id='word_1_311' title='bbox 1136 1876 1234 1919; x_wconf 84' lang='lat'>234.</span> <span class='ocrx_word' id='word_1_312' title='bbox 1274 1889 1383 1929; x_wconf 88' lang='lat' dir='ltr'>„nos</span> <span class='ocrx_word' id='word_1_313' title='bbox 1416 1876 1608 1920; x_wconf 89' lang='lat' dir='ltr'>facimus</span> <span class='ocrx_word' id='word_1_314' title='bbox 1641 1878 1817 1932; x_wconf 89' lang='lat' dir='ltr'>populo</span> 
     </span>
     <span class='ocr_line' id='line_1_68' title="bbox 1073 1935 1818 1991; baseline 0.003 -13"><span class='ocrx_word' id='word_1_315' title='bbox 1073 1935 1280 1979; x_wconf 87' lang='lat' dir='ltr'>studiose</span> <span class='ocrx_word' id='word_1_316' title='bbox 1374 1935 1818 1991; x_wconf 82' lang='lat' dir='ltr'>coptoplacentas“)</span> 
     </span>
     <span class='ocr_line' id='line_1_69' title="bbox 1071 1992 1818 2051; baseline 0.005 -15"><span class='ocrx_word' id='word_1_317' title='bbox 1071 1994 1315 2049; x_wconf 81' lang='lat' dir='ltr'>placentae</span> <span class='ocrx_word' id='word_1_318' title='bbox 1343 1992 1431 2038; x_wconf 89' lang='lat' dir='ltr'>fuit</span> <span class='ocrx_word' id='word_1_319' title='bbox 1448 1994 1720 2039; x_wconf 88' lang='lat' dir='ltr'>durissimae</span> <span class='ocrx_word' id='word_1_320' title='bbox 1737 2009 1818 2051; x_wconf 87' lang='lat' dir='ltr'>ge-</span> 
     </span>
     <span class='ocr_line' id='line_1_70' title="bbox 1070 2053 1820 2109; baseline 0.003 -13"><span class='ocrx_word' id='word_1_321' title='bbox 1070 2066 1170 2103; x_wconf 87' lang='lat' dir='ltr'>nus,</span> <span class='ocrx_word' id='word_1_322' title='bbox 1202 2067 1293 2096; x_wconf 90' lang='lat' dir='ltr'>non</span> <span class='ocrx_word' id='word_1_323' title='bbox 1336 2053 1475 2109; x_wconf 83' lang='lat' dir='ltr'>longe</span> <span class='ocrx_word' id='word_1_324' title='bbox 1507 2053 1759 2098; x_wconf 89' lang='lat' dir='ltr'>abhorrens</span> <span class='ocrx_word' id='word_1_325' title='bbox 1792 2067 1820 2098; x_wconf 92' lang='lat' dir='ltr'>a</span> 
     </span>
     <span class='ocr_line' id='line_1_71' title="bbox 1070 2113 1819 2168; baseline 0.003 -13"><span class='ocrx_word' id='word_1_326' title='bbox 1070 2117 1207 2168; x_wconf 87' lang='lat' dir='ltr'>pasta</span> <span class='ocrx_word' id='word_1_327' title='bbox 1250 2113 1380 2168; x_wconf 86' lang='lat' dir='ltr'>regia</span> <span class='ocrx_word' id='word_1_328' title='bbox 1430 2125 1566 2168; x_wconf 90' lang='lat' dir='ltr'>quam</span> <span class='ocrx_word' id='word_1_329' title='bbox 1606 2114 1819 2157; x_wconf 91' lang='lat' dir='ltr'>martium</span> 
     </span>
     <span class='ocr_line' id='line_1_72' title="bbox 1068 2183 1819 2226; baseline 0.005 -13"><span class='ocrx_word' id='word_1_330' title='bbox 1068 2184 1235 2226; x_wconf 89' lang='lat' dir='ltr'>panem</span> <span class='ocrx_word' id='word_1_331' title='bbox 1268 2185 1301 2214; x_wconf 90' lang='lat' dir='ltr'>s.</span> <span class='ocrx_word' id='word_1_332' title='bbox 1327 2183 1647 2226; x_wconf 86' lang='lat' dir='ltr'>massapanem</span> <span class='ocrx_word' id='word_1_333' title='bbox 1681 2186 1819 2217; x_wconf 82' lang='lat' dir='ltr'>voca-</span> 
     </span>
     <span class='ocr_line' id='line_1_73' title="bbox 1069 2230 1816 2285; baseline 0.003 -12"><span class='ocrx_word' id='word_1_334' title='bbox 1069 2243 1168 2273; x_wconf 90' lang='lat' dir='ltr'>mus</span> <span class='ocrx_word' id='word_1_335' title='bbox 1201 2243 1460 2285; x_wconf 89' lang='lat' dir='ltr'>nomenque</span> <span class='ocrx_word' id='word_1_336' title='bbox 1494 2230 1626 2273; x_wconf 90' lang='lat' dir='ltr'>duxit</span> <span class='ocrx_word' id='word_1_337' title='bbox 1657 2244 1685 2274; x_wconf 92' lang='lat' dir='ltr'>a</span> <span class='ocrx_word' id='word_1_338' title='bbox 1710 2244 1816 2275; x_wconf 91' lang='lat' dir='ltr'>con-</span> 
     </span>
     <span class='ocr_line' id='line_1_74' title="bbox 1069 2289 1820 2345; baseline 0.003 -13"><span class='ocrx_word' id='word_1_339' title='bbox 1069 2289 1309 2332; x_wconf 88' lang='lat' dir='ltr'>tundendo</span> <span class='ocrx_word' id='word_1_340' title='bbox 1354 2292 1464 2343; x_wconf 87' lang='lat' dir='ltr'>(non</span> <span class='ocrx_word' id='word_1_341' title='bbox 1496 2301 1524 2332; x_wconf 91' lang='lat' dir='ltr'>a</span> <span class='ocrx_word' id='word_1_342' title='bbox 1557 2289 1723 2345; x_wconf 86' lang='lat' dir='ltr'>Copto,</span> <span class='ocrx_word' id='word_1_343' title='bbox 1767 2295 1820 2334; x_wconf 92' lang='lat' dir='ltr'>ut</span> 
     </span>
     <span class='ocr_line' id='line_1_75' title="bbox 1072 2348 1819 2405; baseline 0.003 -14"><span class='ocrx_word' id='word_1_344' title='bbox 1072 2348 1240 2392; x_wconf 90' lang='lat' dir='ltr'>delirat</span> <span class='ocrx_word' id='word_1_345' title='bbox 1302 2349 1516 2392; x_wconf 87' lang='lat' dir='ltr'>Laurent.</span> <span class='ocrx_word' id='word_1_346' title='bbox 1580 2349 1695 2405; x_wconf 89' lang='lat' dir='ltr'>Lyd.</span> <span class='ocrx_word' id='word_1_347' title='bbox 1761 2350 1819 2393; x_wconf 89' lang='lat' dir='ltr'>de</span> 
     </span>
     <span class='ocr_line' id='line_1_76' title="bbox 1070 2406 1819 2463; baseline 0.003 -13"><span class='ocrx_word' id='word_1_348' title='bbox 1070 2420 1209 2451; x_wconf 89' lang='lat' dir='ltr'>mens.</span> <span class='ocrx_word' id='word_1_349' title='bbox 1243 2407 1286 2460; x_wconf 91' lang='lat'>4,</span> <span class='ocrx_word' id='word_1_350' title='bbox 1320 2407 1359 2450; x_wconf 93' lang='grc'>5.</span> <span class='ocrx_word' id='word_1_351' title='bbox 1393 2406 1591 2462; x_wconf 82' lang='lat' dir='ltr'>p.154.),</span> <span class='ocrx_word' id='word_1_352' title='bbox 1626 2409 1734 2463; x_wconf 89' lang='lat' dir='ltr'>quia</span> <span class='ocrx_word' id='word_1_353' title='bbox 1762 2422 1819 2452; x_wconf 85' lang='lat' dir='ltr'>ex</span> 
     </span>
     <span class='ocr_line' id='line_1_77' title="bbox 1068 2465 1818 2511; baseline 0.003 -2"><span class='ocrx_word' id='word_1_354' title='bbox 1068 2465 1264 2510; x_wconf 86' lang='lat' dir='ltr'>materia</span> <span class='ocrx_word' id='word_1_355' title='bbox 1322 2471 1518 2509; x_wconf 87' lang='lat' dir='ltr'>contusa</span> <span class='ocrx_word' id='word_1_356' title='bbox 1570 2467 1818 2511; x_wconf 87' lang='lat' dir='ltr'>constabat</span> 
     </span>
     <span class='ocr_line' id='line_1_78' title="bbox 1069 2524 1818 2582; baseline 0.003 -15"><span class='ocrx_word' id='word_1_357' title='bbox 1069 2530 1120 2568; x_wconf 88' lang='lat' dir='ltr'>ut</span> <span class='ocrx_word' id='word_1_358' title='bbox 1150 2524 1324 2569; x_wconf 89' lang='lat' dir='ltr'>nucleis</span> <span class='ocrx_word' id='word_1_359' title='bbox 1355 2525 1519 2580; x_wconf 92' lang='lat' dir='ltr'>pineis,</span> <span class='ocrx_word' id='word_1_360' title='bbox 1558 2526 1818 2582; x_wconf 88' lang='lat' dir='ltr'>amigdalis,</span> 
     </span>
     <span class='ocr_line' id='line_1_79' title="bbox 1068 2584 1820 2639; baseline 0.004 -13"><span class='ocrx_word' id='word_1_361' title='bbox 1068 2584 1232 2634; x_wconf 92' lang='lat' dir='ltr'>simila,</span> <span class='ocrx_word' id='word_1_362' title='bbox 1272 2584 1432 2639; x_wconf 90' lang='lat' dir='ltr'>pipere</span> <span class='ocrx_word' id='word_1_363' title='bbox 1476 2588 1614 2628; x_wconf 85' lang='lat' dir='ltr'>cocto</span> <span class='ocrx_word' id='word_1_364' title='bbox 1662 2589 1709 2629; x_wconf 91' lang='lat' dir='ltr'>et</span> <span class='ocrx_word' id='word_1_365' title='bbox 1742 2585 1820 2629; x_wconf 88' lang='lat' dir='ltr'>de-</span> 
     </span>
     <span class='ocr_line' id='line_1_80' title="bbox 1069 2643 1818 2699; baseline 0.003 -13"><span class='ocrx_word' id='word_1_366' title='bbox 1069 2648 1302 2698; x_wconf 78' lang='lat' dir='ltr'>spumato,</span> <span class='ocrx_word' id='word_1_367' title='bbox 1319 2644 1580 2695; x_wconf 77' lang='grc' dir='ltr'><em>μελίπηκτον</em></span> <span class='ocrx_word' id='word_1_368' title='bbox 1596 2643 1818 2699; x_wconf 88' lang='lat' dir='ltr'>interpre-</span> 
     </span>
     <span class='ocr_line' id='line_1_81' title="bbox 1068 2701 1818 2759; baseline 0.001 -15"><span class='ocrx_word' id='word_1_369' title='bbox 1068 2706 1197 2745; x_wconf 87' lang='lat' dir='ltr'>tatur</span> <span class='ocrx_word' id='word_1_370' title='bbox 1227 2701 1401 2745; x_wconf 88' lang='lat' dir='ltr'>Athen.</span> <span class='ocrx_word' id='word_1_371' title='bbox 1425 2702 1493 2753; x_wconf 89' lang='lat'>14,</span> <span class='ocrx_word' id='word_1_372' title='bbox 1514 2702 1582 2745; x_wconf 88' lang='lat'>60.</span> <span class='ocrx_word' id='word_1_373' title='bbox 1616 2702 1818 2759; x_wconf 89' lang='lat' dir='ltr'>Hesych.</span> 
     </span>
     <span class='ocr_line' id='line_1_82' title="bbox 1066 2761 1818 2816; baseline 0.003 -13"><span class='ocrx_word' id='word_1_374' title='bbox 1066 2761 1123 2804; x_wconf 90' lang='grc' dir='ltr'>Π.</span> <span class='ocrx_word' id='word_1_375' title='bbox 1173 2774 1216 2816; x_wconf 92' lang='lat' dir='ltr'>p.</span> <span class='ocrx_word' id='word_1_376' title='bbox 1266 2762 1368 2804; x_wconf 86' lang='lat'>315.</span> <span class='ocrx_word' id='word_1_377' title='bbox 1416 2761 1483 2805; x_wconf 90' lang='lat' dir='ltr'>sic</span> <span class='ocrx_word' id='word_1_378' title='bbox 1530 2766 1670 2816; x_wconf 90' lang='lat' dir='ltr'>copta</span> <span class='ocrx_word' id='word_1_379' title='bbox 1710 2765 1818 2805; x_wconf 88' lang='lat' dir='ltr'>sunt</span> 
     </span>
     <span class='ocr_line' id='line_1_83' title="bbox 1067 2819 1815 2875; baseline 0.001 -12"><span class='ocrx_word' id='word_1_380' title='bbox 1067 2832 1186 2875; x_wconf 91' lang='lat' dir='ltr'>quae</span> <span class='ocrx_word' id='word_1_381' title='bbox 1219 2819 1386 2864; x_wconf 88' lang='lat' dir='ltr'>dulcia.</span> <span class='ocrx_word' id='word_1_382' title='bbox 1422 2819 1478 2865; x_wconf 83' lang='lat' dir='ltr'>cf.</span> <span class='ocrx_word' id='word_1_383' title='bbox 1494 2824 1541 2864; x_wconf 86' lang='lat' dir='ltr'>et</span> <span class='ocrx_word' id='word_1_384' title='bbox 1557 2820 1618 2863; x_wconf 89' lang='lat' dir='ltr'>ad</span> <span class='ocrx_word' id='word_1_385' title='bbox 1634 2820 1815 2864; x_wconf 88' lang='lat' dir='ltr'>Polluc.</span> 
     </span>
     <span class='ocr_line' id='line_1_84' title="bbox 1069 2878 1816 2934; baseline 0.004 -12"><span class='ocrx_word' id='word_1_386' title='bbox 1069 2881 1108 2922; x_wconf 84' lang='lat'>6.</span> <span class='ocrx_word' id='word_1_387' title='bbox 1156 2880 1223 2922; x_wconf 90' lang='grc'>78.</span> <span class='ocrx_word' id='word_1_388' title='bbox 1269 2878 1495 2923; x_wconf 88' lang='lat' dir='ltr'>eiusmodi</span> <span class='ocrx_word' id='word_1_389' title='bbox 1538 2879 1816 2934; x_wconf 84' lang='lat' dir='ltr'>placentulis</span> 
     </span>
    </p>
   </div>
  </div>
 </body>
</html>
