2066 3276
749 266 846 313 Lib.
866 266 988 313 VIII.
1038 265 1281 323 Tetrapus.

1671 262 1771 318 167

188 407 239 457 et
279 402 453 456 oleum
494 406 545 455 et
582 401 688 454 iam
727 400 968 454 bullienti
1007 399 1168 453 mittis
1209 400 1452 453 amolum.
1503 398 1589 451 vel
1631 402 1775 452 certe

186 478 403 530 mittitur
455 477 507 528 in
559 475 778 530 reticulo
832 476 918 528 vel
970 475 1024 527 in
1064 475 1335 543 sportella,
1392 478 1444 527 et
1495 472 1779 540 diligenter

188 551 563 618 constringitur
617 555 668 603 et
720 549 956 603 bullienti
1010 566 1193 603 zemae
1242 565 1360 602 cum
1400 547 1610 600 modico
1651 546 1778 599 salis

187 625 518 678 submittitur.
564 641 681 677 cum
720 625 858 677 bene
897 623 1005 676 illic
1043 628 1151 675 tres
1191 622 1363 675 undas
1405 621 1649 686 bullierit‚
1704 620 1778 673 le-

186 704 338 752 vatur
389 704 441 751 et
492 698 666 751 denuo
718 697 869 750 bullit
921 714 1041 750 cum
1098 713 1282 750 umore
1341 713 1502 763 supra
1562 695 1778 766 scripto,

187 774 441 826 bulliente
484 772 763 825 conditura
803 770 1153 838 perfunditur.

299 846 422 899 365.
467 845 635 898 Aliter
674 844 841 898 aedus
881 845 993 898 sive
1033 861 1205 912 agnus
1234 843 1584 910 siringianus:
1626 840 1782 895 lactis

188 921 476 975 sextarium
515 934 690 984 unum,
732 918 903 971 mellis
953 935 1070 972 unc.
1089 919 1178 971 IV.
1210 916 1411 986 piperis
1439 933 1559 970 unc.
1590 918 1630 969 Ι.
1655 915 1783 968 salis

188 994 471 1060 modicum,
512 992 702 1045 lasaris
741 991 1022 1045 modicum.
1086 993 1175 1044 Ius
1210 992 1264 1043 in
1291 991 1489 1061 ipsius:
1532 990 1636 1043 olei
1662 1006 1781 1042 ace-

188 1068 440 1135 tabulum,
480 1066 780 1134 liquaminis
824 1066 1177 1133 acetabulum,
1218 1065 1389 1120 mellis
1430 1064 1783 1130 acetabulum,

188 1248 411 1292 utinam
431 1242 945 1289 fiat92.sicistfiat

189 1306 378 1360 fii..,sic
418 1309 480 1348 ut
601 1302 712 1347 fiat
742 1301 805 1358 γδ.
843 1316 943 1347 cum

189 1379 338 1411 vacuo
371 1363 540 1420 spatio.
575 1363 664 1407 sic
695 1368 758 1406 ut
788 1362 943 1406 vide·

189 1431 287 1470 tur
318 1423 434 1469 fiat
466 1438 512 1466 π.
547 1423 592 1466 in
614 1423 802 1466 modum
828 1422 943 1467 utris

190 1485 290 1529 384.
330 1509 379 1514 --—
415 1483 470 1528 ei
498 1482 543 1525 in
566 1482 789 1538 plurimis,
813 1482 943 1526 eius

188 1550 231 1596 β.
277 1547 335 1588 et
378 1559 422 1584 π.
474 1567 527 1573 -
581 1541 943 1586 eximabitur

190 1622 225 1659 γ.
261 1600 617 1647 cxinabitur
649 1600 719 1644 ed.
754 1599 940 1644 mediol.

192 1661 550 1708 exinanitur
598 1675 642 1701 π.
695 1659 757 1702 ad
802 1659 943 1714 pluri-

194 1735 371 1766 morum
426 1718 669 1763 obsoletae
727 1718 943 1774 coniuga-

196 1781 335 1825 tionis
367 1777 562 1822 formam
596 1776 652 1821 cf.
687 1777 831 1827 scibo,
864 1790 943 1821 au-

192 1840 316 1890 dibo,
342 1836 649 1889 communib0‚
677 1837 942 1892 opperibor‚

192 1897 422 1955 experibis
455 1896 623 1940 Catull.
657 1897 728 1947 21,
761 1897 799 1938 6.
819 1896 942 1939 illar-

191 1959 303 2014 gibo
349 1957 450 2001 Cat.
494 1968 566 2011 ap.
611 1955 727 1999 Non.
762 1968 806 2010 p.
840 1955 940 1999 320.

191 2031 233 2062 a.
268 2042 318 2047 -
363 2017 418 2060 in
450 2014 722 2070 absorptum
763 2014 822 2058 ab
863 2015 945 2057 in-

190 2080 296 2121 test.
332 2074 507 2119 addidi.
536 2074 581 2117 ni
605 2073 775 2128 placet,
794 2073 945 2117 scribe

192 2149 294 2179 cum
337 2147 434 2190 par.
478 2131 823 2177 sufflentur.
858 2133 945 2176 ita

193 2200 255 2239 ut
288 2207 406 2249 cap.
442 2192 564 2236 florr.
599 2192 696 2235 sine
730 2204 942 2246 praepos.

193 2280 201 2283 -
223 2279 246 2283 -·
283 2266 338 2297 ex
365 2250 597 2296 intestinis
614 2255 792 2295 stercus
817 2264 946 2306 egro-

193 2312 240 2356 di
273 2309 434 2355 scribit
464 2310 636 2353 Paulus
668 2310 873 2353 medicus
902 2310 944 2361 6,

192 2372 262 2415 88.
296 2371 353 2414 in
387 2373 567 2425 caput
599 2369 644 2411 in
678 2382 743 2420 os,
777 2370 822 2411 in
857 2369 945 2412 den

192 2430 333 2474 mund
374 2428 543 2479 hinein,
584 2427 716 2471 Mart.
765 2427 834 2479 14,
875 2427 944 2471 74.

192 2503 295 2545 per
328 2492 509 2543 caput
540 2487 714 2531 codicis
746 2499 842 2542 par.
879 2500 948 2531 es-

193 2553 266 2593 set
299 2546 400 2587 κατοὶ
447 2544 649 2599 κεφαλὴν,
692 2559 783 2590 von
828 2546 947 2590 oben

193 2607 350 2650 hinab.
384 2612 587 2650 ceterum
604 2605 651 2648 id
670 2600 724 2648 fit
741 2618 796 2649 ex
820 2618 948 2649 more

193 2665 463 2716 utricularii,
491 2663 705 2704 ἅσκαύλου
736 2664 814 2720 qui
832 2664 948 2708 tibia

193 2725 285 2769 utri
317 2725 489 2769 inserta
519 2722 663 2775 inflat,
699 2723 756 2767 de
782 2723 947 2779 quibus

193 2784 378 2827 musicis
437 2782 493 2826 cf.
553 2782 817 2838 Boulenger
874 2783 944 2826 De

195 2843 364 2887 theatr.
408 2844 449 2892 2,
482 2842 554 2885 35.
600 2868 650 2871 Ρ-
699 2855 804 2896 per
846 2855 946 2885 no-

195 2903 342 2947 viss.
392 2905 618 2958 partcm
680 2905 947 2952 extremam,

1035 1256 1118 1299 per
1172 1242 1345 1287 clunes.
1402 1241 1469 1285 sic
1526 1239 1788 1296 posteriora

1037 1314 1169 1346 crura
1200 1301 1349 1346 Plinio
1386 1302 1455 1352 11,
1495 1300 1594 1343 249.
1630 1299 1788 1343 dicun-

1035 1368 1112 1406 tur
1158 1361 1424 1406 novissima.
1474 1385 1527 1391 -—
1578 1358 1785 1402 lavan-

1035 1426 1130 1466 tur
1188 1446 1241 1450 -
1301 1420 1617 1475 inplentur
1671 1418 1788 1462 inte-

1034 1481 1169 1525 stina.
1194 1505 1244 1509 —
1266 1480 1337 1524 ob
1370 1479 1641 1523 humores
1670 1491 1787 1522 corr.

1033 1553 1118 1596 pro
1163 1539 1232 1584 ab
1279 1538 1540 1583 humeris
1598 1536 1673 1581 vel
1719 1536 1789 1580 ad

1034 1599 1335 1643 humerum
1384 1614 1430 1642 π.
1494 1622 1546 1627 —
1596 1596 1683 1640 sic
1731 1600 1789 1640 et

1033 1658 1215 1703 modice
1247 1657 1406 1701 mittis.
1443 1681 1496 1686 —
1538 1656 1711 1699 etiam
1742 1655 1787 1699 b.

1035 1717 1170 1762 codd.
1216 1731 1408 1772 quorum
1452 1713 1503 1770 γδ·
1544 1714 1788 1765 bullieS,

1036 1777 1056 1825 ζ
1081 1776 1325 1820 bulliat.
1355 1776 1417 1819 ad
1445 1775 1590 1828 „iam“
1611 1772 1667 1817 cf.
1686 1773 1788 1817 345.

1034 1836 1134 1880 350.
1172 1844 1221 1865 -·-
1250 1835 1520 1879 mittitur
1542 1833 1700 1877 aedus.
1731 1832 1789 1876 de

1036 1908 1091 1940 eo
1126 1895 1379 1950 sportellae
1410 1907 1498 1937 usu
1529 1893 1591 1936 ad
1616 1892 1712 1935 121.
1734 1917 1788 1923 -

1036 1954 1300 1998 reticulo
1346 1967 1431 2009 pro
1480 1951 1679 1996 retiae.
1733 1964 1790 1995 ex

1038 2014 1068 2061 ζ.
1103 2018 1175 2057 est
1214 2013 1440 2068 γύργαθος,
1484 2011 1733 2056 canistrum
1765 2023 1791 2053 e

1036 2073 1204 2116 vimine
1267 2073 1468 2127 plexum,
1540 2069 1790 2114 reticulato

1038 2145 1178 2186 opere
1203 2130 1391 2182 factum,
1419 2131 1465 2174 in
1490 2143 1580 2185 quo
1606 2142 1663 2172 ex
1695 2128 1790 2171 lino

1039 2191 1316 2235 constrictus
1359 2190 1505 2234 aedus
1536 2189 1582 2232 in
1615 2199 1790 2231 zemam

1037 2250 1238 2293 mittitur
1263 2249 1366 2293 340.
1391 2274 1442 2278 —
1462 2248 1602 2292 bull.
1636 2258 1792 2291 zema

1037 2308 1173 2353 codd.
1217 2314 1267 2352 at
1309 2307 1364 2352 cf.
1399 2308 1499 2350 373.
1542 2305 1643 2350 374.
1689 2305 1792 2349 289.

1038 2393 1093 2400 —
1138 2372 1265 2411 tres
1304 2367 1489 2410 undas
1531 2365 1673 2410 bull.
1718 2364 1790 2407 65.

1037 2427 1215 2471 Pallad.
1263 2427 1332 2478 12,
1375 2427 1450 2476 22,
1490 2425 1531 2468 4.
1585 2423 1791 2478 „duabus

1039 2491 1121 2529 aut
1153 2486 1301 2530 tribus
1334 2484 1468 2529 undis
1500 2483 1679 2528 fervere
1711 2494 1791 2537 pa-

1040 2546 1120 2596 ti“,
1163 2544 1371 2589 zweimal
1411 2542 1657 2588 aussieden
1700 2541 1790 2585 las-

1042 2618 1136 2649 sen.
1172 2629 1227 2635 —

1155 2663 1217 2707 ad
1261 2663 1362 2707 365.
1426 2660 1791 2717 siringiatus

1039 2722 1176 2767 codd.
1195 2721 1561 2779 syringianis
1580 2720 1639 2764 ed
1670 2718 1791 2763 med.

1036 2782 1135 2826 364.
1158 2782 1323 2825 -ius
1355 2782 1411 2824 in
1442 2780 1637 2835 ipsius
1661 2790 1792 2834 prac-

1037 2841 1273 2897 positione
1323 2840 1449 2896 quod
1496 2838 1624 2894 apud
1671 2837 1791 2881 alios

1039 2914 1131 2945 non
1163 2913 1315 2945 rarum
1352 2898 1631 2956 postposita.
1698 2909 1790 2942 ma-
