2066 3276
664 248 763 293 Lib.
798 249 861 292 VI
922 249 1166 305 Tropetes.
1618 250 1722 302 125

132 382 384 448 radicem,
427 382 699 436 suffundes
727 387 954 449 acetum,
994 381 1195 435 adicies
1224 382 1495 448 cariotam,
1546 379 1722 433 refun-

135 456 229 509 des
268 457 551 523 liquamen,
593 457 809 524 senapis
847 455 1112 507 modicum
1156 461 1209 508 et
1248 455 1439 522 oleum,
1497 454 1721 508 defricto

132 532 455 597 temperabis
497 535 549 583 et
587 530 663 583 sic
704 529 878 582 mittis

246 604 369 656 239.
410 605 616 656 Pullum
658 607 927 656 anetatum
967 602 1136 654 mellis
1164 601 1392 667 modice,
1432 602 1720 668 liquamine

133 677 471 746 temperabis.
515 678 663 729 levas
702 677 903 744 pullum
944 681 1151 729 coctum
1194 680 1246 727 et
1280 692 1483 728 savano
1523 675 1721 728 mundo

134 750 322 817 siccaS,
366 767 591 804 caraxas
632 756 684 803 et
721 750 802 802 ius
844 749 1087 803 scissuris
1141 747 1375 801 infundis
1430 754 1487 800 ut
1540 749 1719 802 conbi-

133 824 225 877 bat
265 829 317 877 et
356 841 475 877 cum
517 823 813 877 conbiberit
851 823 1058 881 assabis
1100 827 1152 876 et
1189 839 1285 875 suo
1327 822 1426 874 sibi
1453 822 1567 875 iure
1594 839 1722 891 pen-

137 897 217 950 nis
257 898 451 964 tangis.
495 897 683 965 pipere
724 913 1000 965 asparsum
1041 896 1253 950 inferes.

245 972 368 1023 240.
428 971 696 1023 Pullum
738 971 1116 1039 particum:
1169 971 1372 1038 pullum
1425 970 1637 1038 aperies
1691 988 1723 1023 a

133 1044 254 1096 navi
296 1049 348 1098 et
385 1044 438 1096 in
493 1044 751 1110 quadrato
806 1061 978 1097 ornas.
1033 1049 1175 1097 teres
1213 1045 1386 1113 piper,
1438 1043 1726 1111 ligisticum

134 1118 278 1171 carei
319 1118 602 1184 modicum,
643 1117 904 1171 suffundis
944 1119 1230 1186 liquamen,
1274 1120 1394 1171 vino
1435 1122 1722 1185 temperas,

135 1193 394 1261 conponis
444 1193 499 1245 in
539 1209 766 1246 cumana
818 1193 1018 1262 pullum
1075 1197 1128 1246 et
1180 1192 1511 1246 condituram
1564 1209 1727 1261 super

971 1340 1032 1384 ad
1065 1339 1252 1393 Quintil.
1295 1339 1411 1384 decl.
1456 1341 1525 1392 13,
1566 1340 1628 1394 4.)
1673 1346 1722 1386 et

970 1413 1053 1456 per
1094 1399 1418 1456 synecdochen
1458 1400 1721 1455 pinnicillus

134 1338 369 1383 crudum
404 1345 454 1383 ut
486 1339 608 1394 ὠμὸν
650 1339 776 1397 quod
803 1339 880 1385 fri-

133 1398 306 1454 gidum,
348 1412 439 1442 non
473 1405 669 1451 coctum,
718 1400 880 1444 rudum

133 1456 232 1501 roh.
284 1458 397 1502 Diez
441 1459 549 1503 Lex.
585 1459 630 1502 in
664 1473 802 1504 rozzo
835 1473 878 1514 p.

132 1516 232 1560 429.
280 1542 331 1546 --
375 1518 570 1562 mittis
612 1518 672 1562 ad
712 1519 880 1575 ignem,

133 1588 191 1618 an
224 1576 269 1619 in
301 1576 475 1631 pullum
509 1591 565 1621 ex
584 1577 703 1621 240?
735 1591 879 1622 aver-

132 1634 204 1678 bis
251 1636 452 1690 „pullum
495 1641 759 1680 anetatum“
805 1651 879 1681 co-

134 1694 259 1737 dices
291 1707 460 1738 novum
494 1695 629 1739 colon
658 1696 883 1751 incipiunt

133 1758 181 1797 et
212 1752 345 1797 Hum.
379 1754 526 1797 edidit
548 1759 605 1798 et
637 1755 721 1798 sic
752 1755 882 1799 mit-

134 1812 215 1855 tis
264 1812 310 1855 in
357 1813 582 1868 pullum
642 1814 881 1857 anetha-

133 1875 260 1914 tum.
294 1871 880 1928 Alitcrpullus.mel-

132 1929 205 1973 lis
238 1935 323 1974 cet.
345 1929 467 1975 forte
484 1938 694 1987 praestat
710 1946 739 1988 p
755 1946 781 1977 u
801 1932 879 1977 llo

130 1989 157 2032 i.
194 2002 235 2044 q.
269 1990 314 2033 in
346 1991 534 2046 pullum.
569 1998 879 2036 anetatum

132 2048 216 2099 ius,
244 2058 379 2093 aneto
398 2049 604 2106 inprimis
629 2051 878 2095 conditum.

132 2108 287 2151 omnia
306 2114 514 2160 conatus,
548 2110 593 2153 in
614 2109 684 2154 his
718 2115 776 2154 et
798 2111 882 2154 sic

131 2167 291 2211 mitis
349 2170 419 2224 (ut
480 2170 595 2221 197.)
651 2169 880 2224 pullum

130 2231 403 2278 anetato,
452 2227 605 2272 locum
656 2228 880 2273 intactum

131 2285 352 2341 relinquo.
398 2287 472 2330 vel
515 2287 696 2344 aliquot
737 2288 882 2332 verba

130 2345 339 2388 eicienda
386 2345 461 2390 vel
506 2346 777 2402 supplenda.
825 2374 877 2379 ——

130 2402 304 2447 lavas
348 2405 483 2448 codd.
532 2430 582 2435 *—
624 2418 880 2450 caraxas

130 2462 231 2505 228.
266 2488 319 2494 —
354 2464 634 2508 convivat
665 2465 799 2508 codd.
834 2470 881 2510 et

131 2522 497 2566 conviverit.
524 2548 568 2552 —-
601 2523 801 2578 pinnis
834 2529 881 2568 et

129 2581 342 2636 pennis
376 2581 510 2625 codd.
557 2595 750 2638 quorum
786 2588 879 2628 tres

130 2640 364 2684 omittunt.
398 2641 566 2696 pinuae
595 2648 703 2685 sunt
738 2643 879 2686 maio-

130 2712 201 2743 res
243 2700 397 2744 avium
443 2713 622 2756 pennae
665 2702 879 2757 (Martial.

134 2758 201 2810 14,
233 2759 303 2802 85.
338 2760 408 2802 22.
457 2761 526 2811 13,
561 2760 628 2803 71.
692 2760 877 2805 Aethio.

129 2816 231 2861 Istr.
266 2818 336 2862 36.
381 2817 518 2863 Salm.
554 2819 614 2863 ad
647 2820 878 2876 Lamprid.

130 2876 268 2925 Alex.
302 2877 358 2920 553
391 2891 432 2933 p.
465 2879 577 2922 1022
595 2892 691 2935 seq.
724 2879 876 2923 Burm.

970 1459 1077 1503 inde
1110 1457 1276 1510 factus,
1309 1460 1387 1514 qui
1421 1459 1563 1515 vulgo
1595 1461 1723 1516 peni-

971 1518 1103 1562 cillus
1136 1524 1183 1561 et
1214 1518 1453 1573 peniculus
1477 1518 1663 1571 dicitur,
1696 1532 1725 1563 a

970 1591 1088 1633 pene
1120 1577 1285 1633 piloso.
1321 1582 1517 1633 utraque
1552 1592 1645 1622 vox
1677 1579 1724 1622 in

972 1649 1056 1680 usu
1089 1642 1204 1688 erat,
1237 1636 1346 1680 Var.
1382 1639 1505 1682 Lect.
1540 1637 1723 1683 Pallad.

972 1696 1015 1746 4,
1064 1698 1101 1746 1,
1144 1697 1184 1739 3.
1229 1721 1283 1727 -
1327 1697 1538 1752 tongis
1587 1698 1725 1742 codd.

973 1754 1177 1810 perdis
1209 1757 1724 1812 par.pertangisH.

1062 1814 1123 1857 ad
1156 1815 1252 1858 240.
1298 1815 1553 1870 partium
1587 1816 1722 1860 codd.

973 1878 1020 1917 et
1052 1872 1124 1917 ed.
1160 1873 1345 1918 mediol.
1379 1874 1533 1918 sedin
1557 1880 1727 1919 veneta

972 1932 1331 1987 parthicum.
1398 1947 1503 1978 cum
1546 1934 1725 1989 pullum

974 2005 1074 2035 curn
1107 1992 1295 2036 numido
1315 1992 1415 2037 242.
1451 2006 1725 2049 comparans

972 2051 1205 2106 singulare
1218 2064 1364 2107 genus
1378 2052 1724 2108 intellegebam,

972 2111 1213 2165 parvulum
1234 2111 1525 2167 pedibusque
1552 2124 1726 2167 penna-

973 2170 1046 2220 tis,
1080 2170 1154 2214 vel
1187 2170 1362 2226 gallum
1397 2172 1621 2214 turcicum
1649 2170 1725 2215 vel

971 2230 1285 2284 pumilionem,
1299 2229 1592 2286 zwerghahn,
1606 2230 1723 2274 Plin.

974 2289 1044 2339 10,
1080 2289 1175 2332 156.
1211 2293 1259 2333 et
1290 2302 1397 2333 eum
1430 2289 1635 2333 eiusdem
1670 2289 1728 2333 10

975 2346 1071 2391 140.
1106 2347 1211 2392 loco
1246 2348 1303 2392 de
1336 2347 1615 2393 Parthorum
1649 2362 1725 2393 co-

973 2419 1166 2461 quorum
1198 2405 1398 2451 artificio
1433 2408 1635 2463 quodam
1659 2408 1725 2451 in·

971 2465 1264 2521 terpretabar
1306 2480 1407 2510 cum
1441 2467 1724 2511 Schneidero

971 2524 1032 2567 ad
1066 2524 1240 2569 Colum.
1275 2526 1318 2577 8,
1354 2526 1393 2574 7,
1431 2527 1468 2569 1.
1518 2526 1725 2580 „scilicet

970 2584 1101 2628 navis
1143 2584 1313 2628 dicitur
1365 2591 1516 2629 totum
1560 2590 1724 2642 pectus

974 2643 1099 2699 quod
1133 2644 1421 2696 discinditur,
1454 2650 1506 2689 ut
1538 2645 1638 2689 avis
1656 2658 1725 2690 re-

971 2703 1188 2757 supinata
1230 2709 1277 2747 et
1308 2705 1353 2747 iu
1389 2704 1574 2748 dorsum
1609 2704 1724 2748 divi-

970 2774 1069 2806 sum
1119 2762 1276 2807 clunes
1320 2769 1578 2819 pectusque
1618 2777 1724 2808 con—

970 2822 1089 2866 vivis
1121 2822 1344 2866 ostendat
1386 2829 1434 2867 et
1466 2827 1618 2867 totum
1650 2835 1718 2868 re-

970 2880 1244 2935 positorium
1263 2886 1459 2938 occupet
1478 2881 1722 2930 dilatata“.
