2066 3276
685 256 786 303 Lib.
819 246 895 302 VI.
960 257 1201 315 Tropetes.
1643 256 1745 310 123

271 391 394 444 234.
438 392 511 445 In
551 392 577 445 f
588 392 1038 461 enicoptero:
1079 392 1467 463 fenicopterum
1496 390 1748 459 eliberaS,

159 463 328 531 lavaS,
372 483 545 533 ornas,
586 466 811 521 includis
850 466 902 519 in
945 468 1250 533 caccabum,
1293 465 1492 520 adicies
1533 482 1744 533 aquam,

165 539 352 606 salem,
395 546 608 594 anetum
637 546 688 594 et
730 540 868 593 aceti
920 540 1204 607 modicum,
1259 539 1478 593 dimidia
1531 544 1747 594 coctura

155 612 347 680 alligas
387 614 698 668 fasciculum
744 614 889 683 porri
943 619 995 667 et
1047 613 1312 667 coriandri
1364 619 1416 667 et
1469 619 1741 682 coquatur.

154 702 324 754 prope
377 694 643 741 cocturam
698 688 976 742 defrictum
1029 688 1205 755 mittis,
1262 689 1486 741 coloraS.
1542 687 1745 741 adicies

153 760 208 812 in
247 763 551 814 mortarium
603 763 773 831 piper,
829 763 1091 828 ciminum,
1148 761 1502 829 coriandrum,
1556 762 1745 816 lasaris

152 834 403 902 radicem,
444 841 694 903 mentam,
736 840 922 902 rutam,
965 835 1197 902 fricabiS,
1226 835 1486 889 suffundis
1517 842 1743 904 acetum,

153 907 355 961 adicies
396 912 668 978 cai-iotam,
709 911 790 962 ius
832 909 900 962 de
941 926 1034 961 suo
1077 909 1176 962 sibi
1226 909 1516 977 perfundis,
1571 910 1743 964 reexi-

150 981 341 1035 nanies
393 983 446 1035 in
500 984 727 1037 eundem
782 985 1088 1049 caccabum,
1157 984 1331 1035 amolo
1384 984 1608 1051 obligas
1663 985 1744 1038 ius

150 1055 428 1123 perfundis
470 1063 523 1111 et
562 1058 771 1111 inferes,
814 1057 957 1111 idem
995 1057 1166 1111 facies
1209 1062 1261 1110 et
1298 1057 1353 1110 in
1392 1059 1638 1126 psittaco,

264 1131 385 1183 235.
448 1132 642 1185 Aliter:
686 1148 838 1185 assas
868 1149 1040 1186 avem.
1071 1136 1211 1184 teres
1239 1132 1410 1202 piper,
1440 1132 1742 1200 ligisticum,

152 1203 241 1274 api
280 1221 478 1273 semen,
521 1223 786 1260 sesamum
826 1205 1050 1273 frictum,
1081 1206 1462 1274 petrosilinum,
1492 1211 1742 1274 mentam,

153 1294 341 1345 cepam
410 1280 623 1347 siccam,
686 1281 939 1333 cariotam
992 1280 1169 1346 melle,
1236 1280 1376 1347 vin0,
1436 1281 1742 1348 liquamine,

150 1357 321 1418 acet0,
366 1354 484 1407 oleo
527 1359 577 1408 et
617 1354 841 1408 defricto
882 1354 1221 1424 temperabis,

263 1427 384 1480 236.
450 1429 594 1482 Aves
648 1445 831 1482 omnes
883 1446 949 1483 ne
1003 1428 1315 1496 liquescant,
1371 1444 1491 1482 cum
1545 1429 1739 1498 plumis

151 1594 496 1634 contextam
556 1590 657 1634 cod.
718 1590 761 1633 in
810 1604 902 1634 uno

153 1661 249 1705 par.
286 1654 638 1693 contectam.
672 1649 902 1693 Hum.fa-

152 1709 284 1752 rina
316 1708 454 1752 oleo
489 1709 741 1753 subacta
773 1722 896 1753 con-

150 1772 384 1812 tectam.

237 1827 299 1870 ad
331 1828 430 1871 233.
468 1825 643 1871 fructus
677 1828 810 1872 oleae
831 1840 900 1872 re-

147 1899 254 1930 cens
284 1887 651 1942 graveolentiam
683 1887 900 1932 emendat

149 1950 196 1989 et
242 1946 286 1988 in
345 1959 393 1989 se
454 1945 612 1991 trahit.
678 1946 898 2003 intellege

148 2005 428 2050 Graecorum
506 2005 687 2052 θλαστὰς
749 2005 897 2054 ἐλαίας,

148 2064 384 2108 corticulis
427 2064 644 2109 resolutis
678 2070 725 2109 et
757 2066 897 2110 emol-

146 2123 242 2166 litis
276 2128 508 2174 contusas,
540 2123 713 2169 Athen.
749 2126 790 2175 2,
823 2124 894 2168 47.

147 2182 354 2237 Geopon.
402 2183 442 2234 9,
475 2184 548 2234 32,
599 2186 632 2225 1.
680 2183 893 2228 Schneid.

143 2241 205 2284 ad
237 2241 415 2285 Colum.
460 2244 527 2292 12,
562 2243 633 2294 51,
669 2244 705 2285 1.
750 2256 895 2298 oppo-

143 2305 312 2344 nuntur
342 2302 610 2346 natantibus
654 2315 727 2357 ap.
772 2301 894 2346 Cael.

144 2358 258 2402 Aur.
296 2359 452 2403 chron.
484 2361 527 2411 4,
559 2362 599 2403 3.
634 2374 677 2416 p.
714 2362 811 2404 296.

232 2418 293 2461 ad
311 2419 411 2461 234.
436 2419 557 2463 elib
574 2433 598 2463 e
612 2433 703 2463 ras
723 2421 895 2464 corium

144 2476 349 2521 detrahis
383 2479 482 2521 215.
519 2491 633 2522 corr.
669 2492 751 2534 pro
787 2479 895 2522 eli-

144 2536 326 2580 bexas
359 2550 439 2580 sex
459 2538 684 2589 codicum,
710 2538 893 2581 elixa-

142 2596 233 2639 bis
267 2595 339 2640 ed.
372 2609 439 2650 pr.
476 2596 671 2640 elixas
704 2609 801 2652 par.
836 2597 891 2640 H.

142 2655 289 2698 rarius
332 2655 523 2698 verbum
566 2655 610 2698 in
644 2654 753 2699 Act.
787 2670 892 2711 pro-

143 2727 267 2757 cons.
302 2714 513 2769 martyrii
545 2714 587 2758 S.
623 2714 669 2761 S.
704 2715 893 2771 Didymi

142 2777 193 2817 et
224 2772 501 2817 Theodorae
533 2787 576 2815 n.
610 2774 649 2816 8.
674 2799 724 2802 ——
759 2774 891 2818 intel-

142 2832 388 2888 legendum
428 2845 529 2876 esse
562 2831 891 2888 phoenicopte-

142 2905 239 2935 rum
263 2891 463 2943 rubrum,
497 2892 732 2943 minorem,
762 2890 890 2949 fami-

995 1590 1086 1634 liae
1104 1590 1486 1648 hygrobatarum,
1505 1604 1638 1647 quem
1658 1604 1742 1635 nos

994 1650 1187 1694 dicimus
1235 1650 1453 1706 flamingo
1501 1655 1548 1694 et
1592 1651 1743 1695 adhuc

991 1709 1221 1765 hospitem
1253 1709 1418 1753 Italiae
1439 1710 1606 1754 scimus
1622 1724 1743 1755 nunc

991 1774 1164 1813 notum.
1187 1795 1240 1801 —
1274 1773 1336 1812 ut
1370 1781 1490 1825 coq.
1528 1770 1664 1814 codd.
1686 1796 1740 1802 -

989 1829 1134 1872 verba
1221 1828 1606 1873 reexinanies
1687 1854 1740 1859 —-

989 1887 1307 1943 perfundis
1350 1892 1456 1932 sunt
1510 1902 1565 1932 ex
1608 1893 1652 1940 β.
1694 1893 1742 1933 et

990 1946 1111 1991 hum.
1147 1947 1203 1991 cf.
1239 1948 1337 1990 216.
1373 1947 1471 1991 249.

1078 2007 1151 2050 ad.
1187 2008 1285 2050 235.
1331 2007 1496 2051 sesami
1540 2007 1740 2050 orienta-

990 2065 1044 2109 lis
1076 2067 1125 2109 L.
1174 2067 1349 2110 semina
1392 2066 1593 2109 candida
1621 2079 1740 2122 quae

987 2126 1032 2168 in
1090 2126 1269 2181 siliquis
1327 2130 1433 2169 sunt
1489 2125 1741 2170 seminibus

986 2185 1067 2227 lini
1099 2185 1265 2228 similia
1299 2185 1463 2240 optimi
1493 2185 1674 2239 saporis
1692 2190 1739 2228 et

985 2244 1185 2287 iucunda
1217 2249 1324 2287 sunt
1356 2257 1449 2295 esu,
1484 2257 1625 2300 quare
1657 2243 1739 2288 ho-

989 2303 1064 2346 die
1098 2316 1282 2359 quoque
1313 2303 1359 2346 in
1388 2304 1522 2347 terris
1540 2304 1738 2347 orient-a-

988 2362 1108 2405 libus
1148 2363 1208 2405 ad
1253 2363 1407 2406 varios
1449 2362 1577 2406 cibos
1609 2361 1738 2405 adhi-

987 2420 1167 2464 bentur.
1202 2420 1449 2465 frictum
1484 2435 1540 2466 ex
1581 2425 1612 2472 β
1652 2435 1736 2476 pro

988 2478 1331 2524 defrictum.
1365 2481 1432 2524 sic
1463 2481 1521 2524 sil
1551 2478 1736 2524 frictum

989 2539 1086 2582 179.
1123 2539 1353 2583 coriandri
1372 2552 1524 2583 semen
1542 2540 1642 2584 336.
1662 2552 1736 2583 cu-

983 2598 1153 2652 minum
1181 2600 1368 2653 passim.
1390 2624 1441 2630 -
1471 2599 1579 2643 mel
1595 2599 1646 2643 le
1669 2605 1736 2643 te-

984 2670 1067 2700 res.
1105 2658 1241 2702 oleo
1277 2658 1478 2702 condies.
1514 2657 1735 2702 defric-

984 2721 1042 2760 to
1075 2720 1244 2772 temp.
1279 2718 1378 2761 238.

1072 2775 1134 2819 ad
1165 2776 1265 2819 236.
1300 2775 1356 2820 cf.
1390 2777 1490 2820 221.
1528 2801 1578 2805 —-
1626 2777 1733 2820 eli-

982 2839 1120 2878 xate
1169 2835 1303 2879 codd.
1348 2861 1402 2865 —
1447 2837 1495 2878 si
1542 2834 1733 2890 absorp-

984 2900 1080 2937 tum
1113 2894 1286 2938 addidi.
1323 2893 1378 2939 cf.
1399 2894 1467 2937 64.
1487 2894 1588 2938 305.
1609 2894 1732 2939 Plin.
