2066 3276
629 252 729 300 Lib.
761 252 819 299 V.
882 251 1122 309 Tropetes.

1640 245 1742 298 119

160 393 270 443 tam
293 389 670 444 mirtaehacas
695 388 781 441 vel
808 403 962 439 uvam
991 401 1225 453 passam,
1252 382 1373 448 mel,
1402 380 1596 446 vinum,
1625 396 1744 434 ace·

159 469 286 530 tum,
327 464 607 530 liquamen,
650 463 839 515 oleum.
882 460 1043 513 uteris
1082 457 1295 525 frigido,

274 539 397 591 221.
440 537 723 591 Perdicem
764 552 881 589 cum
921 535 1104 602 pluma
1143 548 1239 585 sua
1279 531 1464 594 elixam,
1506 527 1579 581 ibi
1606 543 1744 580 ema-

161 611 429 665 defactam
470 610 748 681 depilabis.
791 608 1056 677 perduces
1085 610 1301 660 coctura
1331 603 1523 657 occisa.
1552 599 1745 670 perdix

159 691 336 756 potest
376 702 443 738 ex
482 686 594 737 iure
637 684 806 751 coqui.
847 700 953 734 non
992 681 1310 734 indurescat.
1355 678 1398 730 si
1420 677 1609 729 iterum
1644 675 1745 727 fer-

158 759 344 824 vuerit‚
389 759 530 812 elixa
570 757 727 826 coqui
767 756 944 809 debet.

275 834 397 886 222.
440 833 515 885 In
553 830 848 902 perdice
891 835 954 883 et
994 833 1340 894 attagena
1382 830 1446 878 et
1497 825 1550 876 in
1602 828 1744 876 tur-

158 912 338 961 ture:
381 906 549 975 piper,
591 904 893 972 ligisticum‚
934 907 1182 966 mentam,
1237 905 1388 953 rutae
1438 915 1638 964 semen,
1689 897 1746 950 li-

159 997 404 1050 quamen,
448 996 647 1033 merum
689 984 741 1032 et
782 979 971 1031 oleum.
1016 975 1321 1029 calefacies.

247 1127 307 1172 ad
340 1128 440 1170 221.
476 1126 543 1171 sic
570 1125 730 1181 paucis
763 1129 910 1169 muta-

158 1189 219 1233 tis
252 1187 297 1231 in
332 1192 511 1243 septem
545 1185 684 1229 libris.
719 1185 805 1230 ibi
833 1185 910 1229 de-

158 1247 265 1292 inde
309 1247 410 1291 206.
453 1246 492 1290 si
531 1245 764 1300 displicet,
805 1244 910 1300 lege

159 1307 322 1351 elixa
354 1307 403 1350 si
436 1305 537 1355 vis,
570 1304 710 1348 mad.
741 1329 791 1334 —-
825 1303 912 1348 ibi

160 1371 218 1411 et
249 1366 393 1409 mad.
429 1364 563 1409 codd.
599 1377 699 1407 cum
721 1363 911 1407 difficile

159 1426 220 1469 sit
261 1425 388 1469 dictu
422 1423 532 1480 quid
571 1437 742 1474 verum,
784 1423 911 1466 varie

161 1484 420 1534 emendare,
458 1484 584 1526 varie
617 1482 912 1537 interpretari

161 1545 285 1588 licet.
331 1567 388 1574 —
424 1542 760 1598 „depilabis
792 1541 913 1596 pilos

164 1603 298 1659 quasi
332 1600 560 1645 detrahes.
605 1601 797 1645 restitue
830 1601 913 1644 Pe·

162 1662 351 1718 lagonio
397 1661 438 1705 6.
480 1674 523 1715 p.
573 1660 642 1703 34.
677 1673 761 1715 pro
810 1659 914 1711 „de-

163 1721 356 1776 spioas“.
391 1721 458 1763 sio
489 1718 690 1759 ἕκπιλοῦν
707 1723 755 1762 et
783 1717 914 1773 ἔκτρι-

159 1783 278 1835 χοῦν
328 1784 399 1823 est
460 1790 635 1833 pennas
698 1778 912 1822 evellere.

162 1839 275 1883 Diez
310 1840 415 1882 Lex.
438 1838 480 1880 d.
506 1851 618 1881 rom.
638 1850 727 1892 spr.
747 1851 791 1892 p.
811 1837 914 1879 2257.

162 1898 262 1941 264.
309 1923 362 1929 -—
414 1902 660 1941 coctura
708 1896 916 1940 occisa

166 1956 376 2008 occidua,
425 1961 624 2006 mortua,
673 1956 915 2007 exstincta,

165 2016 350 2060 flamma
370 2029 461 2059 non
478 2015 656 2065 vivace,
690 2015 817 2071 ligno
840 2028 915 2059 ex-

167 2081 291 2120 emto
334 2075 450 2118 Plin.
496 2074 567 2124 24,
614 2075 710 2117 125.
755 2087 812 2118 ne
850 2074 916 2116 in-

164 2135 393 2178 durescat.
451 2133 746 2189 perduces
810 2147 915 2177 con-

166 2190 308 2244 ficies,
327 2193 544 2237 absolves
560 2206 673 2236 corr.
694 2206 778 2248 pro
796 2206 826 2247 p
839 2205 862 2236 e
875 2206 914 2234 r-

165 2254 345 2304 diees‚
378 2253 423 2296 in
458 2266 549 2295 uno
581 2264 677 2306 par.
711 2251 915 2307 perdi-

164 2325 294 2356 cem.
343 2337 393 2341 *—
445 2325 510 2355 ex
572 2312 701 2354 iure
763 2311 915 2354 iuste?

163 2371 225 2414 ad
257 2370 328 2414 54.
373 2396 427 2402 -
472 2371 686 2414 iterum
730 2383 786 2414 ex
817 2382 913 2424 par.

163 2443 248 2486 pro
295 2429 519 2473 dierum
563 2429 618 2472 cf.
663 2429 730 2471 67.
774 2427 915 2471 semel

164 2490 232 2531 65.
281 2514 333 2520 —-
387 2488 548 2532 elixa
592 2488 630 2531 si
678 2492 749 2531 est
792 2500 916 2542 „pera

168 2548 247 2591 dix
280 2547 497 2599 elixata“‚
531 2546 795 2590 conferatur
812 2547 913 2589 267.

164 2607 394 2651 elixantur
412 2611 682 2662 coquuntur.
704 2605 803 2648 386.
835 2605 914 2649 eli-

161 2679 245 2710 xas
293 2671 343 2709 ut
386 2670 626 2721 coquatur.
671 2665 769 2708 289.
814 2677 914 2719 per-

165 2725 359 2770 elixabis
393 2729 445 2768 ut
473 2724 610 2779 coqui
636 2724 797 2778 possit.
833 2722 916 2767 sed

164 2784 292 2828 aliud
335 2784 481 2827 latere
524 2783 720 2826 videtur.
762 2782 915 2826 inveni

165 2844 212 2887 si
268 2856 449 2887 serum
500 2841 699 2890 fuerit,
745 2841 915 2885 elixa

165 2917 211 2954 e.
246 2903 299 2946 d.
332 2902 371 2947 si
388 2902 658 2954 induruerit,
688 2902 803 2961 dura
821 2900 916 2946 fue-

1002 1124 1075 1173 rit,
1109 1123 1313 1167 lixivium
1333 1120 1645 1165 adhibendum
1664 1124 1749 1168 est,

1003 1195 1122 1239 quae
1154 1182 1247 1226 lixa
1281 1182 1340 1226 sit
1372 1179 1610 1225 Plutarchi
1642 1179 1693 1222 T.
1724 1179 1751 1221 8

1001 1256 1045 1298 p.
1082 1242 1179 1286 784.
1214 1242 1268 1285 R.
1316 1246 1475 1296 νίτρον,
1510 1238 1749 1295 pottasch-

1002 1302 1141 1358 lauge
1202 1301 1281 1355 <ad
1337 1300 1476 1356 Garg.
1526 1299 1656 1342 Mart.
1706 1312 1748 1353 p.

1001 1361 1092 1414 41.)
1127 1375 1218 1417 quo
1252 1360 1420 1405 Noster
1462 1360 1558 1402 191.
1604 1362 1751 1401 casta-

1002 1434 1116 1464 neas
1150 1421 1286 1475 coqui
1327 1419 1471 1469 iubet,
1512 1418 1591 1460 alii
1625 1417 1752 1476 legu-

1004 1480 1138 1523 mina.
1195 1494 1313 1523 nunc
1370 1477 1525 1521 malim
1582 1477 1753 1526 alica,

1005 1539 1130 1594 quod
1161 1539 1316 1594 plures
1334 1538 1426 1582 loci
1443 1536 1640 1581 suadent
1653 1536 1751 1578 212.

1003 1598 1106 1641 248.
1152 1598 1252 1641 259..
1302 1596 1424 1641 forte
1471 1595 1644 1649 „clixa“
1690 1602 1754 1638 te:

1004 1657 1151 1700 nenda
1189 1663 1235 1700 et
1278 1657 1449 1708 „alica“
1496 1654 1755 1710 supplenda

1005 1721 1089 1760 est.
1141 1715 1197 1759 cf.
1241 1716 1312 1758 42.
1358 1715 1459 1758 303.
1504 1719 1551 1758 et
1589 1713 1756 1756 suadet

1005 1775 1203 1819 Martial.
1239 1776 1279 1826 2,
1297 1776 1368 1825 37,
1398 1775 1435 1818 6-
1474 1773 1754 1825 „stillantem

1007 1834 1128 1878 alica
1190 1847 1273 1877 sua
1334 1833 1643 1890 palumbum“.
1701 1857 1753 1863 —-

1006 1893 1161 1950 magni
1195 1894 1415 1937 momenti
1448 1897 1520 1936 est
1547 1891 1755 1935 codicem

1005 1965 1101 2008 par.
1126 1952 1605 2008 legereperdi‘cem
1635 1964 1754 1993 cum

1006 2012 1206 2067 pluma
1253 2026 1353 2055 sua
1402 2011 1597 2055 elixas
1657 2009 1755 2052 ubi

1008 2076 1062 2115 et
1093 2070 1489 2115 madefactam
1530 2069 1756 2123 depila-

1006 2130 1097 2174 bis
1161 2131 1458 2186 perdicem
1531 2132 1755 2172 coctam

1008 2190 1202 2233 occisa
1252 2189 1460 2245 perdix
1508 2192 1646 2243 post
1693 2201 1755 2230 ex

1007 2249 1136 2292 iure
1196 2249 1367 2304 coqui
1427 2261 1539 2291 non
1586 2246 1755 2290 indu-

1007 2314 1207 2351 rescat
1239 2314 1300 2351 ut
1332 2308 1380 2351 si
1413 2308 1624 2350 iterum
1651 2303 1756 2348 fer-

972 2367 1212 2410 ·bucrit
1268 2367 1317 2409 si
1376 2366 1523 2408 dura
1572 2363 1757 2407 fuerit

1008 2425 1164 2469 elixa
1195 2425 1366 2481 coqui
1392 2424 1585 2468 debet.
1631 2421 1757 2478 quod

1007 2485 1046 2528 si
1078 2485 1241 2528 scribis
1264 2484 1337 2528 vel
1356 2483 1544 2538 supples
1566 2482 1756 2535 „alica“,

1006 2545 1103 2588 eius
1153 2544 1328 2587 codicis
1380 2543 1547 2595 „dura“
1599 2546 1758 2596 potest

1005 2602 1213 2659 intellegi
1274 2602 1415 2646 cruda
1473 2601 1608 2651 alica,
1665 2613 1756 2644 non

1006 2662 1192 2712 elixam,
1236 2663 1273 2705 si
1317 2668 1447 2705 tenes
1495 2660 1667 2714 ‚,elixa“
1714 2664 1758 2702 et

1007 2720 1188 2765 confers
1246 2721 1457 2765 similiter
1511 2719 1638 2763 dicta
1684 2719 1755 2761 51.

1007 2781 1106 2824 218.
1140 2781 1238 2824 359.
1284 2777 1385 2823 372.
1430 2791 1485 2822 ea
1518 2777 1660 2821 verba
1692 2777 1756 2820 in-

1009 2840 1276 2894 terpreteris
1315 2839 1376 2891 „si
1398 2837 1542 2880 habes
1566 2837 1753 2880 dura.1n“

1007 2901 1034 2948 i.
1070 2912 1108 2943 e.
1152 2898 1267 2943 illud
1311 2897 1519 2945 Arabum
1560 2894 1756 2942 frumen-
