2066 3276
674 259 773 302 Lib.
808 259 862 302 X.
927 257 1091 303 Alieus
1122 258 1316 303 libatus.
1715 262 1817 313 199

337 389 460 442 455.
502 391 614 442 Ius
654 390 720 441 in
759 390 1005 442 mullos
1047 407 1276 443 assos:
1306 391 1475 460 piper,
1510 389 1814 458 ligisticum,

226 468 413 529 rutam,
475 464 596 530 mel,
667 464 904 530 nucleOS,
964 470 1189 530 acetum,
1261 465 1457 530 vinum,
1529 464 1815 531 liquamen,

227 537 399 588 oleum
439 537 664 589 modice.
709 536 996 589 calefacies
1039 543 1090 590 et
1126 536 1435 605 perfundes.
1783 558 1787 562 ·

338 611 462 661 456.
506 611 673 662 Aliter
719 610 800 662 ius
850 610 905 662 in
955 612 1144 663 mullos
1197 628 1377 663 assos:
1431 615 1618 680 rutam,
1672 629 1816 665 men-

226 688 349 749 tam,
410 683 762 748 coriandrum,
815 684 1101 736 feniculum
1154 684 1331 738 omnia
1381 684 1587 751 viridia,
1639 685 1812 754 piper,

226 757 526 823 ligisticum,
568 758 688 822 mel,
729 757 996 823 liquamen
1041 763 1092 811 et
1131 759 1306 812 oleum
1344 757 1573 813 modice.

337 831 462 883 457.
506 832 623 883 Ius
661 831 729 883 in
766 831 1119 900 pelamide
1160 849 1348 884 assa:
1401 831 1573 902 piper,
1626 832 1812 900 ligisti-

229 920 363 970 cum,
419 904 711 971 origanum,
769 904 1103 957 coriandrum
1153 905 1338 972 viride,
1395 919 1815 973 cepamsuvam

227 994 443 1045 passam
493 979 842 1042 enucleatam,
897 984 1122 1046 acetum,
1175 980 1459 1046 liquamen,
1516 979 1814 1048 defrictum,

229 1052 402 1103 oleum
443 1056 496 1105 et
534 1067 748 1118 coques.
790 1051 891 1105 hoc
930 1053 1010 1106 ius
1052 1053 1300 1106 convenit
1350 1058 1402 1107 et
1452 1054 1506 1106 in
1560 1054 1717 1108 elixa.
1773 1055 1818 1108 si

227 1125 324 1192 viS,
366 1130 418 1178 et
455 1126 560 1179 mel
600 1125 786 1178 addes.

339 1198 463 1253 458.
506 1200 620 1252 Ius
658 1199 725 1252 in
764 1215 1066 1267 peream:
1118 1201 1289 1271 piper,
1329 1200 1631 1269 ligisticum,
1675 1203 1821 1257 cimi-

228 1290 354 1325 num
392 1273 618 1341 frictum,
662 1290 868 1342 cepam,
918 1291 1090 1343 pruna
1143 1274 1469 1329 damascena
1522 1277 1818 1346 enucleata,

228 1347 422 1414 vinum,
463 1348 705 1414 mulsum,
734 1353 960 1415 acetum,
992 1349 1182 1416 oleum,
1216 1348 1494 1403 defrictum
1525 1355 1576 1404 et
1605 1368 1820 1419 coques..

347 1422 472 1475 459.
528 1423 639 1475 Ius
690 1423 757 1475 in
807 1423 1005 1493 pisce
1057 1423 1489 1478 rubellione:
1539 1425 1710 1494 piper,
1761 1427 1819 1479 li-

231 1495 494 1562 gisticum,
535 1514 766 1563 careum,
808 1497 1096 1566 serpillum,
1139 1497 1228 1566 api
1268 1515 1468 1565 semen,
1499 1516 1689 1567 cepam
1719 1500 1819 1554 sic-

231 1587 365 1636 cam,
424 1570 618 1638 vinum,
678 1587 911 1639 passum,
972 1577 1197 1639 acetum,
1270 1573 1555 1641 liquamen,
1626 1575 1817 1628 oleum.

231 1645 405 1697 amolo
448 1644 674 1712 obligas.

342 1719 467 1771 460.
511 1720 623 1771 Ius
661 1719 729 1771 in
768 1735 1048 1772 murena
1086 1736 1274 1773 assa:
1314 1720 1485 1788 piper,
1513 1721 1817 1791 ligisticum,

230 1794 531 1859 satureiam,
583 1809 957 1860 crocomagna,
1014 1811 1218 1862 cepam,
1270 1812 1442 1862 pruna
1494 1795 1820 1851 damascena

232 1867 528 1934 enucleata,
571 1867 765 1933 vinum,
807 1867 1048 1934 mulsum,
1105 1873 1330 1936 acetum,
1385 1869 1670 1938 liquamen,
1726 1871 1818 1925 de-

228 1939 454 2008 frictum,
497 1942 671 1994 oleum
714 1946 767 1995 et
806 1958 1018 2008 coques,

229 2086 414 2125 cornua,
458 2085 575 2129 quae
618 2073 677 2117 ab
710 2072 780 2117 his
812 2087 979 2118 nomen

228 2132 415 2234 {irasslit‘ss
439 2132 630 2177 balistes
650 2133 821 2186 vetula,
842 2133 978 2178 horn-

263 2204 312 2235 sc
347 2224 356 2233 .

1070 2073 1129 2118 cf.
1174 2073 1375 2118 Aristot.
1418 2074 1460 2127 4,
1496 2076 1566 2127 11,
1597 2076 1641 2120 4.
1675 2077 1717 2128 6,
1752 2079 1820 2130 12,

1072 2136 1112 2178 1.
1155 2133 1197 2182 8,
1243 2134 1311 2184 15,
1357 2135 1394 2176 1.
1458 2134 1633 2180 Athen.
1677 2137 1717 2187 7,
1750 2137 1822 2182 58.

1071 2192 1266 2248 Oppian.
1301 2192 1392 2236 hal.
1429 2195 1469 2245 1,
1502 2195 1571 2238 97.

318 2249 380 2293 ad
411 2249 511 2293 457.
574 2250 631 2293 in
672 2251 978 2305 pelamide

228 2309 331 2353 439.
365 2334 417 2339 —
453 2308 597 2354 etin
630 2322 685 2353 ex
718 2323 816 2366 par.
847 2311 977 2354 exin

229 2372 259 2420 β
304 2373 361 2412 et
390 2367 436 2410 in
468 2367 701 2424 plerisque
734 2370 878 2413 deest.

318 2427 380 2470 ad
403 2426 502 2470 458.
537 2440 713 2482 perca
745 2433 792 2472 et
818 2428 978 2473 fluvia-

230 2486 324 2541 tilis
357 2490 404 2530 et
435 2487 610 2529 marina
643 2487 837 2531 deliciae
856 2501 979 2532 men-

230 2558 382 2589 sarum
416 2550 548 2589 erant
579 2550 627 2594 et
648 2553 763 2598 sunt,
797 2546 976 2591 barsch.

320 2604 381 2648 ad
413 2605 516 2648 459.
558 2605 847 2658 rubellio,
878 2619 979 2663 ery-

229 2663 384 2707 thinus
418 2662 655 2720 ἒρυθρῖνος,
688 2666 825 2720 piscis
844 2666 978 2708 mari-

229 2736 314 2773 nus
356 2737 381 2767 e
413 2736 582 2778 genere
615 2725 874 2777 mullorum,
916 2725 976 2768 ob

229 2782 415 2826 rubrum
459 2783 660 2827 colorem
702 2784 770 2828 ita
813 2783 978 2835 dictus,

230 2853 485 2897 scorpaena
536 2841 705 2894 scrofa,
757 2843 980 2887 Italorum

230 2913 455 2953 raseasso‚
474 2900 624 2946 Germ.
645 2901 977 2959 drachenkopf.

1159 2252 1222 2295 ad
1251 2251 1353 2296 460.
1417 2267 1673 2306 morena,
1706 2269 1825 2300 mu-

1070 2323 1228 2362 rena,
1276 2325 1515 2356 murana
1563 2314 1698 2358 codd.
1764 2314 1823 2359 cf.

1069 2369 1322 2414 Schneider
1354 2370 1508 2415 Gram.
1534 2371 1616 2416 lat.
1638 2376 1659 2416 1
1684 2387 1731 2429 p.
1749 2375 1823 2418 55.

1070 2429 1251 2485 μύραινα
1292 2434 1364 2474 est
1405 2444 1625 2476 muraena
1655 2431 1824 2477 helena

1070 2489 1121 2532 L.
1146 2489 1223 2544 qui
1240 2489 1379 2543 piscis
1398 2491 1687 2547 longitudine
1709 2492 1824 2537 haut

1071 2547 1304 2592 dissimilis
1333 2551 1566 2605 anguillae
1586 2552 1711 2606 apud
1730 2552 1823 2596 Ro-

1069 2620 1231 2651 manos
1255 2607 1300 2650 in
1317 2610 1527 2653 maximis
1547 2609 1726 2655 deliciis
1745 2610 1823 2654 ha-

1069 2664 1278 2711 bebatur.
1308 2667 1484 2721 primae
1503 2674 1638 2713 erant
1659 2671 1822 2710 πλωταὶ

1069 2725 1211 2770 flutae
1256 2739 1374 2782 quae
1416 2728 1463 2771 in
1501 2727 1622 2773 freto
1672 2729 1823 2774 siculo

1069 2787 1115 2828 in
1175 2798 1351 2829 summa
1408 2799 1531 2843 aqua
1587 2787 1825 2834 fluitantes

1071 2845 1385 2900 capiebantur.
1418 2847 1581 2891 Horat.
1616 2861 1751 2893 serm.
1781 2850 1823 2900 2,

1071 2904 1115 2955 8,
1146 2904 1335 2948 42-53,
1366 2918 1404 2950 c.
1438 2906 1635 2963 interpp.
1665 2911 1713 2952 et
1741 2908 1823 2951 Ian
