<?xml version="1.0" encoding="UTF-8"?>
<!DOCTYPE html PUBLIC "-//W3C//DTD XHTML 1.0 Transitional//EN"
    "http://www.w3.org/TR/xhtml1/DTD/xhtml1-transitional.dtd">
<html xmlns="http://www.w3.org/1999/xhtml" xml:lang="en" lang="en">
 <head>
  <title>
</title>
<meta http-equiv="Content-Type" content="text/html;charset=utf-8" />
  <meta name='ocr-system' content='tesseract 3.04.00' />
  <meta name='ocr-capabilities' content='ocr_page ocr_carea ocr_par ocr_line ocrx_word'/>
</head>
<body>
  <div class='ocr_page' id='page_1' title='image "./derecoquinarilib00apicrich_0051.png"; bbox 0 0 2066 3276; ppageno 0'>
   <div class='ocr_carea' id='block_1_1' title="bbox 722 248 1769 306">
    <p class='ocr_par' dir='ltr' id='par_1_1' title="bbox 722 248 1769 306">
     <span class='ocr_line' id='line_1_1' title="bbox 722 248 1769 306; baseline -0.007 -10"><span class='ocrx_word' id='word_1_1' title='bbox 722 251 823 298; x_wconf 91' lang='lat' dir='ltr'><strong>Lib.</strong></span> <span class='ocrx_word' id='word_1_2' title='bbox 855 250 912 296; x_wconf 91' lang='lat'><strong>11.</strong></span> <span class='ocrx_word' id='word_1_3' title='bbox 975 251 1238 306; x_wconf 87' lang='lat' dir='ltr'>Sarcoptes.</span> <span class='ocrx_word' id='word_1_4' title='bbox 1701 248 1769 301; x_wconf 86' lang='lat'>47</span> 
     </span>
    </p>
   </div>
   <div class='ocr_carea' id='block_1_2' title="bbox 177 381 1773 746">
    <p class='ocr_par' dir='ltr' id='par_1_2' title="bbox 178 381 1772 514">
     <span class='ocr_line' id='line_1_2' title="bbox 178 381 1772 451; baseline -0.004 -12"><span class='ocrx_word' id='word_1_5' title='bbox 178 386 319 439; x_wconf 93' lang='lat' dir='ltr'>diam</span> <span class='ocrx_word' id='word_1_6' title='bbox 358 385 604 451; x_wconf 78' lang='lat' dir='ltr'>infusam,</span> <span class='ocrx_word' id='word_1_7' title='bbox 644 390 805 450; x_wconf 83' lang='lat' dir='ltr'>tereS‚</span> <span class='ocrx_word' id='word_1_8' title='bbox 839 383 1010 436; x_wconf 88' lang='lat' dir='ltr'>addes</span> <span class='ocrx_word' id='word_1_9' title='bbox 1043 383 1311 449; x_wconf 84' lang='lat' dir='ltr'>liquamen</span> <span class='ocrx_word' id='word_1_10' title='bbox 1346 386 1399 434; x_wconf 89' lang='lat' dir='ltr'>et</span> <span class='ocrx_word' id='word_1_11' title='bbox 1432 397 1651 450; x_wconf 87' lang='lat' dir='ltr'>passum</span> <span class='ocrx_word' id='word_1_12' title='bbox 1685 381 1772 433; x_wconf 85' lang='lat' dir='ltr'>vel</span> 
     </span>
     <span class='ocr_line' id='line_1_3' title="bbox 178 454 1628 514; baseline -0.004 -2"><span class='ocrx_word' id='word_1_13' title='bbox 178 460 472 514; x_wconf 80' lang='lat' dir='ltr'><strong>defrictum.</strong></span> <span class='ocrx_word' id='word_1_14' title='bbox 517 459 692 511; x_wconf 88' lang='lat' dir='ltr'>omnia</span> <span class='ocrx_word' id='word_1_15' title='bbox 731 458 922 510; x_wconf 81' lang='lat' dir='ltr'><strong>misces</strong></span> <span class='ocrx_word' id='word_1_16' title='bbox 965 464 1014 510; x_wconf 86' lang='lat' dir='ltr'>ct</span> <span class='ocrx_word' id='word_1_17' title='bbox 1055 473 1173 509; x_wconf 91' lang='lat' dir='ltr'>cum</span> <span class='ocrx_word' id='word_1_18' title='bbox 1211 455 1374 508; x_wconf 76' lang='lat' dir='ltr'>isiciis</span> <span class='ocrx_word' id='word_1_19' title='bbox 1413 454 1628 508; x_wconf 82' lang='lat' dir='ltr'>inferes,</span> 
     </span>
    </p>

    <p class='ocr_par' dir='ltr' id='par_1_3' title="bbox 177 529 1773 746">
     <span class='ocr_line' id='line_1_4' title="bbox 289 529 1771 601; baseline -0.005 -16"><span class='ocrx_word' id='word_1_20' title='bbox 289 534 374 585; x_wconf 77' lang='lat'><strong>53.</strong></span> <span class='ocrx_word' id='word_1_21' title='bbox 417 532 887 601; x_wconf 87' lang='lat' dir='ltr'>Apoderinum</span> <span class='ocrx_word' id='word_1_22' title='bbox 928 531 1003 583; x_wconf 90' lang='lat' dir='ltr'>sic</span> <span class='ocrx_word' id='word_1_23' title='bbox 1042 530 1242 583; x_wconf 87' lang='lat' dir='ltr'>facies:</span> <span class='ocrx_word' id='word_1_24' title='bbox 1297 529 1437 582; x_wconf 85' lang='lat' dir='ltr'>alica</span> <span class='ocrx_word' id='word_1_25' title='bbox 1477 529 1637 595; x_wconf 80' lang='lat' dir='ltr'>elixa,</span> <span class='ocrx_word' id='word_1_26' title='bbox 1677 543 1771 579; x_wconf 92' lang='lat' dir='ltr'>nu-</span> 
     </span>
     <span class='ocr_line' id='line_1_5' title="bbox 179 602 1771 673; baseline -0.004 -13"><span class='ocrx_word' id='word_1_27' title='bbox 179 608 307 661; x_wconf 80' lang='lat' dir='ltr'>cleis</span> <span class='ocrx_word' id='word_1_28' title='bbox 361 612 414 660; x_wconf 92' lang='lat' dir='ltr'>et</span> <span class='ocrx_word' id='word_1_29' title='bbox 451 607 736 673; x_wconf 81' lang='lat' dir='ltr'>amigdalis</span> <span class='ocrx_word' id='word_1_30' title='bbox 790 604 1072 673; x_wconf 87' lang='lat' dir='ltr'>depellatis</span> <span class='ocrx_word' id='word_1_31' title='bbox 1127 608 1178 656; x_wconf 90' lang='lat' dir='ltr'>et</span> <span class='ocrx_word' id='word_1_32' title='bbox 1215 604 1270 655; x_wconf 92' lang='lat' dir='ltr'>in</span> <span class='ocrx_word' id='word_1_33' title='bbox 1310 619 1450 669; x_wconf 91' lang='lat' dir='ltr'>aqua</span> <span class='ocrx_word' id='word_1_34' title='bbox 1488 602 1676 655; x_wconf 86' lang='lat' dir='ltr'>infusis</span> <span class='ocrx_word' id='word_1_35' title='bbox 1718 605 1771 653; x_wconf 87' lang='lat' dir='ltr'>et</span> 
     </span>
     <span class='ocr_line' id='line_1_6' title="bbox 177 676 1773 746; baseline -0.004 -13"><span class='ocrx_word' id='word_1_36' title='bbox 177 681 298 734; x_wconf 90' lang='lat' dir='ltr'>lotis</span> <span class='ocrx_word' id='word_1_37' title='bbox 352 698 420 733; x_wconf 83' lang='lat' dir='ltr'>ex</span> <span class='ocrx_word' id='word_1_38' title='bbox 468 686 615 733; x_wconf 88' lang='lat' dir='ltr'>creta</span> <span class='ocrx_word' id='word_1_39' title='bbox 652 679 972 746; x_wconf 81' lang='lat' dir='ltr'>argentaria,</span> <span class='ocrx_word' id='word_1_40' title='bbox 1027 683 1083 730; x_wconf 92' lang='lat' dir='ltr'>ut</span> <span class='ocrx_word' id='word_1_41' title='bbox 1122 676 1194 730; x_wconf 85' lang='lat' dir='ltr'>ad</span> <span class='ocrx_word' id='word_1_42' title='bbox 1241 676 1530 730; x_wconf 89' lang='lat' dir='ltr'>candorem</span> <span class='ocrx_word' id='word_1_43' title='bbox 1570 676 1773 745; x_wconf 88' lang='lat' dir='ltr'>pariter</span> 
     </span>
    </p>
   </div>
   <div class='ocr_carea' id='block_1_3' title="bbox 177 810 932 2168">
    <p class='ocr_par' dir='ltr' id='par_1_4' title="bbox 177 810 932 2168">
     <span class='ocr_line' id='line_1_7' title="bbox 177 810 925 869; baseline -0.003 -14"><span class='ocrx_word' id='word_1_44' title='bbox 177 812 487 869; x_wconf 87' lang='lat' dir='ltr'>praeparandi</span> <span class='ocrx_word' id='word_1_45' title='bbox 528 815 660 856; x_wconf 90' lang='lat' dir='ltr'>erant</span> <span class='ocrx_word' id='word_1_46' title='bbox 691 815 742 855; x_wconf 90' lang='lat' dir='ltr'>ut</span> <span class='ocrx_word' id='word_1_47' title='bbox 773 810 925 854; x_wconf 90' lang='lat' dir='ltr'>nuclei</span> 
     </span>
     <span class='ocr_line' id='line_1_8' title="bbox 178 867 924 928; baseline -0.004 -13"><span class='ocrx_word' id='word_1_48' title='bbox 178 877 226 915; x_wconf 89' lang='lat' dir='ltr'>et</span> <span class='ocrx_word' id='word_1_49' title='bbox 258 870 508 928; x_wconf 86' lang='lat' dir='ltr'>amygdala</span> <span class='ocrx_word' id='word_1_50' title='bbox 539 875 576 924; x_wconf 68' lang='grc' dir='ltr'><strong>ξ.</strong></span> <span class='ocrx_word' id='word_1_51' title='bbox 610 871 681 914; x_wconf 83' lang='grc'><strong>53.</strong></span> <span class='ocrx_word' id='word_1_52' title='bbox 723 867 778 912; x_wconf 90' lang='lat' dir='ltr'><strong>cf.</strong></span> <span class='ocrx_word' id='word_1_53' title='bbox 815 870 924 914; x_wconf 85' lang='lat' dir='ltr'>Ber-</span> 
     </span>
     <span class='ocr_line' id='line_1_9' title="bbox 177 928 924 987; baseline -0.001 -16"><span class='ocrx_word' id='word_1_54' title='bbox 177 930 281 987; x_wconf 88' lang='lat' dir='ltr'>gius</span> <span class='ocrx_word' id='word_1_55' title='bbox 328 931 483 977; x_wconf 89' lang='lat' dir='ltr'>Ueber</span> <span class='ocrx_word' id='word_1_56' title='bbox 530 931 573 974; x_wconf 90' lang='lat' dir='ltr'><strong>d.</strong></span> <span class='ocrx_word' id='word_1_57' title='bbox 622 928 836 973; x_wconf 86' lang='lat' dir='ltr'>leckerei.</span> <span class='ocrx_word' id='word_1_58' title='bbox 887 930 924 971; x_wconf 93' lang='lat'>1.</span> 
     </span>
     <span class='ocr_line' id='line_1_10' title="bbox 177 987 926 1045; baseline -0.003 -13"><span class='ocrx_word' id='word_1_59' title='bbox 177 1003 222 1045; x_wconf 91' lang='lat' dir='ltr'>p.</span> <span class='ocrx_word' id='word_1_60' title='bbox 255 990 445 1033; x_wconf 82' lang='grc'><strong>52-55.</strong></span> <span class='ocrx_word' id='word_1_61' title='bbox 480 989 545 1033; x_wconf 91' lang='lat' dir='ltr'>de</span> <span class='ocrx_word' id='word_1_62' title='bbox 577 989 768 1044; x_wconf 89' lang='lat' dir='ltr'>pullis</span> <span class='ocrx_word' id='word_1_63' title='bbox 802 987 926 1031; x_wconf 88' lang='lat' dir='ltr'>codi-</span> 
     </span>
     <span class='ocr_line' id='line_1_11' title="bbox 179 1046 928 1103; baseline -0.004 -10"><span class='ocrx_word' id='word_1_64' title='bbox 179 1062 280 1093; x_wconf 90' lang='lat' dir='ltr'>cum</span> <span class='ocrx_word' id='word_1_65' title='bbox 314 1048 389 1094; x_wconf 87' lang='lat' dir='ltr'>vel</span> <span class='ocrx_word' id='word_1_66' title='bbox 422 1053 494 1092; x_wconf 85' lang='lat' dir='ltr'>est</span> <span class='ocrx_word' id='word_1_67' title='bbox 516 1047 775 1103; x_wconf 87' lang='lat' dir='ltr'>depullis</span> <span class='ocrx_word' id='word_1_68' title='bbox 795 1046 928 1091; x_wconf 86' lang='lat' dir='ltr'>verbi</span> 
     </span>
     <span class='ocr_line' id='line_1_12' title="bbox 178 1106 928 1164; baseline -0.003 -13"><span class='ocrx_word' id='word_1_69' title='bbox 178 1108 330 1153; x_wconf 90' lang='lat' dir='ltr'>adhuc</span> <span class='ocrx_word' id='word_1_70' title='bbox 346 1107 572 1164; x_wconf 81' lang='lat' dir='ltr'>incogniti</span> <span class='ocrx_word' id='word_1_71' title='bbox 595 1106 821 1161; x_wconf 86' lang='lat' dir='ltr'>depullire</span> <span class='ocrx_word' id='word_1_72' title='bbox 846 1119 928 1150; x_wconf 89' lang='lat' dir='ltr'>seu</span> 
     </span>
     <span class='ocr_line' id='line_1_13' title="bbox 177 1166 926 1222; baseline -0.004 -10"><span class='ocrx_word' id='word_1_73' title='bbox 177 1168 434 1222; x_wconf 87' lang='lat' dir='ltr'>depullare,</span> <span class='ocrx_word' id='word_1_74' title='bbox 452 1167 581 1222; x_wconf 89' lang='lat' dir='ltr'>pullo</span> <span class='ocrx_word' id='word_1_75' title='bbox 592 1166 748 1210; x_wconf 87' lang='lat' dir='ltr'>colore</span> <span class='ocrx_word' id='word_1_76' title='bbox 768 1166 926 1210; x_wconf 87' lang='lat' dir='ltr'>demto</span> 
     </span>
     <span class='ocr_line' id='line_1_14' title="bbox 178 1224 927 1281; baseline -0.004 -10"><span class='ocrx_word' id='word_1_77' title='bbox 178 1227 240 1271; x_wconf 88' lang='lat' dir='ltr'>ad</span> <span class='ocrx_word' id='word_1_78' title='bbox 261 1227 508 1271; x_wconf 86' lang='lat' dir='ltr'>candorem</span> <span class='ocrx_word' id='word_1_79' title='bbox 530 1225 797 1281; x_wconf 89' lang='lat' dir='ltr'>perducere,</span> <span class='ocrx_word' id='word_1_80' title='bbox 820 1224 927 1264; x_wconf 79' lang='grc' dir='ltr'><strong><em>ἄπο-</em></strong></span> 
     </span>
     <span class='ocr_line' id='line_1_15' title="bbox 180 1283 928 1336; baseline -0.005 -9"><span class='ocrx_word' id='word_1_81' title='bbox 180 1287 416 1336; x_wconf 59' lang='lat' dir='ltr'>mamma»,</span> <span class='ocrx_word' id='word_1_82' title='bbox 447 1285 726 1334; x_wconf 78' lang='grc' dir='ltr'>ἇποπελιοῦν,</span> <span class='ocrx_word' id='word_1_83' title='bbox 751 1284 823 1328; x_wconf 85' lang='lat' dir='ltr'>vel</span> <span class='ocrx_word' id='word_1_84' title='bbox 842 1283 928 1327; x_wconf 84' lang='lat' dir='ltr'>de-</span> 
     </span>
     <span class='ocr_line' id='line_1_16' title="bbox 179 1343 928 1402; baseline -0.004 -13"><span class='ocrx_word' id='word_1_85' title='bbox 179 1346 366 1402; x_wconf 85' lang='lat' dir='ltr'>pallis</span> <span class='ocrx_word' id='word_1_86' title='bbox 399 1346 427 1389; x_wconf 92' lang='lat' dir='ltr'>i.</span> <span class='ocrx_word' id='word_1_87' title='bbox 447 1358 486 1388; x_wconf 88' lang='lat' dir='ltr'><strong>e.</strong></span> <span class='ocrx_word' id='word_1_88' title='bbox 518 1344 726 1400; x_wconf 86' lang='lat' dir='ltr'>pallium,</span> <span class='ocrx_word' id='word_1_89' title='bbox 759 1343 928 1399; x_wconf 90' lang='lat' dir='ltr'>pellem</span> 
     </span>
     <span class='ocr_line' id='line_1_17' title="bbox 180 1402 927 1456; baseline -0.005 -7"><span class='ocrx_word' id='word_1_90' title='bbox 180 1405 400 1456; x_wconf 83' lang='lat' dir='ltr'>detrahis,</span> <span class='ocrx_word' id='word_1_91' title='bbox 460 1404 587 1448; x_wconf 89' lang='lat' dir='ltr'>cuius</span> <span class='ocrx_word' id='word_1_92' title='bbox 646 1403 776 1448; x_wconf 84' lang='lat' dir='ltr'>verbi</span> <span class='ocrx_word' id='word_1_93' title='bbox 822 1402 927 1446; x_wconf 90' lang='lat' dir='ltr'>loco</span> 
     </span>
     <span class='ocr_line' id='line_1_18' title="bbox 179 1460 927 1519; baseline -0.007 -11"><span class='ocrx_word' id='word_1_94' title='bbox 179 1463 378 1519; x_wconf 84' lang='lat' dir='ltr'>Apicius</span> <span class='ocrx_word' id='word_1_95' title='bbox 411 1463 481 1506; x_wconf 84' lang='lat'>53.</span> <span class='ocrx_word' id='word_1_96' title='bbox 517 1468 564 1506; x_wconf 92' lang='lat' dir='ltr'>et</span> <span class='ocrx_word' id='word_1_97' title='bbox 607 1463 695 1507; x_wconf 79' lang='lat'>229</span> <span class='ocrx_word' id='word_1_98' title='bbox 741 1460 927 1517; x_wconf 89' lang='lat' dir='ltr'>„depel-</span> 
     </span>
     <span class='ocr_line' id='line_1_19' title="bbox 180 1520 929 1575; baseline -0.005 -8"><span class='ocrx_word' id='word_1_99' title='bbox 180 1523 320 1575; x_wconf 85' lang='lat' dir='ltr'>la1·c“,</span> <span class='ocrx_word' id='word_1_100' title='bbox 368 1524 464 1566; x_wconf 86' lang='lat' dir='ltr'>Lex</span> <span class='ocrx_word' id='word_1_101' title='bbox 506 1522 659 1566; x_wconf 85' lang='lat' dir='ltr'>Salica</span> <span class='ocrx_word' id='word_1_102' title='bbox 703 1520 929 1573; x_wconf 86' lang='lat' dir='ltr'>„excorti-</span> 
     </span>
     <span class='ocr_line' id='line_1_20' title="bbox 181 1580 926 1639; baseline -0.008 -12"><span class='ocrx_word' id='word_1_103' title='bbox 181 1587 333 1639; x_wconf 67' lang='lat' dir='ltr'>ca12e·‘,</span> <span class='ocrx_word' id='word_1_104' title='bbox 380 1580 617 1624; x_wconf 88' lang='lat' dir='ltr'>Palladius</span> <span class='ocrx_word' id='word_1_105' title='bbox 658 1583 699 1632; x_wconf 79' lang='lat'>2,</span> <span class='ocrx_word' id='word_1_106' title='bbox 745 1580 813 1631; x_wconf 82' lang='lat'>15,</span> <span class='ocrx_word' id='word_1_107' title='bbox 860 1580 926 1622; x_wconf 76' lang='lat'>12.</span> 
     </span>
     <span class='ocr_line' id='line_1_21' title="bbox 182 1637 929 1694; baseline -0.005 -9"><span class='ocrx_word' id='word_1_108' title='bbox 182 1641 526 1694; x_wconf 79' lang='lat' dir='ltr'>‚,deeorticare“</span> <span class='ocrx_word' id='word_1_109' title='bbox 570 1653 678 1683; x_wconf 85' lang='lat' dir='ltr'>usus</span> <span class='ocrx_word' id='word_1_110' title='bbox 721 1644 806 1690; x_wconf 87' lang='lat' dir='ltr'>est,</span> <span class='ocrx_word' id='word_1_111' title='bbox 854 1637 929 1682; x_wconf 90' lang='lat' dir='ltr'>vel</span> 
     </span>
     <span class='ocr_line' id='line_1_22' title="bbox 181 1698 927 1756; baseline -0.007 -11"><span class='ocrx_word' id='word_1_112' title='bbox 181 1700 306 1756; x_wconf 87' lang='lat' dir='ltr'>quod</span> <span class='ocrx_word' id='word_1_113' title='bbox 338 1699 723 1754; x_wconf 86' lang='lat' dir='ltr'>simplicissimum</span> <span class='ocrx_word' id='word_1_114' title='bbox 760 1698 790 1741; x_wconf 92' lang='lat' dir='ltr'>d</span> <span class='ocrx_word' id='word_1_115' title='bbox 805 1711 868 1753; x_wconf 89' lang='lat' dir='ltr'>ep</span> <span class='ocrx_word' id='word_1_116' title='bbox 881 1711 927 1740; x_wconf 94' lang='lat'>0-</span> 
     </span>
     <span class='ocr_line' id='line_1_23' title="bbox 179 1757 927 1815; baseline -0.004 -12"><span class='ocrx_word' id='word_1_117' title='bbox 179 1760 270 1804; x_wconf 88' lang='lat' dir='ltr'>lis.</span> <span class='ocrx_word' id='word_1_118' title='bbox 304 1764 591 1815; x_wconf 85' lang='lat' dir='ltr'>quantopere</span> <span class='ocrx_word' id='word_1_119' title='bbox 618 1757 818 1801; x_wconf 88' lang='lat' dir='ltr'>medium</span> <span class='ocrx_word' id='word_1_120' title='bbox 852 1769 927 1800; x_wconf 88' lang='lat' dir='ltr'>ae-</span> 
     </span>
     <span class='ocr_line' id='line_1_24' title="bbox 180 1816 929 1874; baseline -0.005 -11"><span class='ocrx_word' id='word_1_121' title='bbox 180 1832 287 1863; x_wconf 88' lang='lat' dir='ltr'>vum</span> <span class='ocrx_word' id='word_1_122' title='bbox 319 1823 542 1874; x_wconf 85' lang='lat' dir='ltr'>sequente</span> <span class='ocrx_word' id='word_1_123' title='bbox 565 1817 770 1872; x_wconf 86' lang='lat' dir='ltr'>inprimis</span> <span class='ocrx_word' id='word_1_124' title='bbox 794 1816 929 1860; x_wconf 88' lang='lat' dir='ltr'>litera</span> 
     </span>
     <span class='ocr_line' id='line_1_25' title="bbox 179 1875 928 1932; baseline -0.005 -11"><span class='ocrx_word' id='word_1_125' title='bbox 179 1878 195 1921; x_wconf 91' lang='lat' dir='ltr'>l</span> <span class='ocrx_word' id='word_1_126' title='bbox 228 1877 454 1921; x_wconf 84' lang='lat' dir='ltr'>amaverit</span> <span class='ocrx_word' id='word_1_127' title='bbox 485 1890 514 1920; x_wconf 90' lang='lat' dir='ltr'>u</span> <span class='ocrx_word' id='word_1_128' title='bbox 534 1890 618 1932; x_wconf 81' lang='lat' dir='ltr'>pro</span> <span class='ocrx_word' id='word_1_129' title='bbox 641 1890 683 1926; x_wconf 93' lang='lat'>0,</span> <span class='ocrx_word' id='word_1_130' title='bbox 716 1875 928 1929; x_wconf 80' lang='lat' dir='ltr'>exemplo</span> 
     </span>
     <span class='ocr_line' id='line_1_26' title="bbox 181 1934 929 1991; baseline -0.007 -10"><span class='ocrx_word' id='word_1_131' title='bbox 181 1938 273 1981; x_wconf 89' lang='lat' dir='ltr'>sint</span> <span class='ocrx_word' id='word_1_132' title='bbox 315 1936 531 1991; x_wconf 83' lang='lat' dir='ltr'>epistula,</span> <span class='ocrx_word' id='word_1_133' title='bbox 572 1935 777 1986; x_wconf 89' lang='lat' dir='ltr'>culiclus‚</span> <span class='ocrx_word' id='word_1_134' title='bbox 818 1934 929 1977; x_wconf 87' lang='lat' dir='ltr'>adu-</span> 
     </span>
     <span class='ocr_line' id='line_1_27' title="bbox 181 1993 930 2047; baseline -0.004 -8"><span class='ocrx_word' id='word_1_135' title='bbox 181 1996 373 2047; x_wconf 87' lang='lat' dir='ltr'>lescens,</span> <span class='ocrx_word' id='word_1_136' title='bbox 406 1995 463 2038; x_wconf 91' lang='lat' dir='ltr'>al.</span> <span class='ocrx_word' id='word_1_137' title='bbox 500 1993 557 2039; x_wconf 84' lang='lat' dir='ltr'><strong>cf.</strong></span> <span class='ocrx_word' id='word_1_138' title='bbox 590 2000 704 2039; x_wconf 88' lang='lat' dir='ltr'>nota</span> <span class='ocrx_word' id='word_1_139' title='bbox 734 2006 837 2038; x_wconf 86' lang='lat' dir='ltr'>mea</span> <span class='ocrx_word' id='word_1_140' title='bbox 868 1993 930 2036; x_wconf 87' lang='lat' dir='ltr'>ad</span> 
     </span>
     <span class='ocr_line' id='line_1_28' title="bbox 184 2054 930 2111; baseline -0.008 -11"><span class='ocrx_word' id='word_1_141' title='bbox 184 2055 358 2111; x_wconf 80' lang='lat' dir='ltr'>Gargil.</span> <span class='ocrx_word' id='word_1_142' title='bbox 393 2067 485 2098; x_wconf 87' lang='lat' dir='ltr'>cur.</span> <span class='ocrx_word' id='word_1_143' title='bbox 520 2054 659 2098; x_wconf 90' lang='lat' dir='ltr'>boum</span> <span class='ocrx_word' id='word_1_144' title='bbox 683 2057 719 2106; x_wconf 70' lang='grc' dir='ltr'>ξ,</span> <span class='ocrx_word' id='word_1_145' title='bbox 742 2054 807 2096; x_wconf 87' lang='grc'>17.</span> <span class='ocrx_word' id='word_1_146' title='bbox 843 2066 930 2096; x_wconf 87' lang='lat' dir='ltr'>ex-</span> 
     </span>
     <span class='ocr_line' id='line_1_29' title="bbox 182 2112 932 2168; baseline -0.008 -9"><span class='ocrx_word' id='word_1_147' title='bbox 182 2114 413 2159; x_wconf 87' lang='lat' dir='ltr'>bromas</span> <span class='ocrx_word' id='word_1_148' title='bbox 446 2114 647 2168; x_wconf 88' lang='lat' dir='ltr'>optimus</span> <span class='ocrx_word' id='word_1_149' title='bbox 670 2112 881 2157; x_wconf 87' lang='lat' dir='ltr'>codicum</span> <span class='ocrx_word' id='word_1_150' title='bbox 901 2114 932 2162; x_wconf 77' lang='grc' dir='ltr'>β</span> 
     </span>
    </p>
   </div>
   <div class='ocr_carea' id='block_1_4' title="bbox 183 2170 977 2228">
    <p class='ocr_par' dir='ltr' id='par_1_5' title="bbox 183 2170 977 2228">
     <span class='ocr_line' id='line_1_30' title="bbox 183 2170 977 2228; baseline -0.003 -11"><span class='ocrx_word' id='word_1_151' title='bbox 183 2173 403 2224; x_wconf 84' lang='lat' dir='ltr'>servavit,</span> <span class='ocrx_word' id='word_1_152' title='bbox 462 2173 628 2228; x_wconf 87' lang='lat' dir='ltr'>reliqui</span> <span class='ocrx_word' id='word_1_153' title='bbox 675 2173 774 2215; x_wconf 80' lang='lat'><strong>216.</strong></span> <span class='ocrx_word' id='word_1_154' title='bbox 825 2170 931 2215; x_wconf 85' lang='lat' dir='ltr'>cod.</span> <span class='ocrx_word' id='word_1_155' title='bbox 972 2170 977 2176; x_wconf 89' lang='grc'><strong>’</strong></span> 
     </span>
    </p>
   </div>
   <div class='ocr_carea' id='block_1_5' title="bbox 183 2230 942 2931">
    <p class='ocr_par' dir='ltr' id='par_1_6' title="bbox 183 2230 942 2931">
     <span class='ocr_line' id='line_1_31' title="bbox 183 2230 928 2288; baseline -0.005 -11"><span class='ocrx_word' id='word_1_156' title='bbox 183 2233 366 2277; x_wconf 82' lang='lat' dir='ltr'>salmas.</span> <span class='ocrx_word' id='word_1_157' title='bbox 401 2232 500 2276; x_wconf 77' lang='lat'><strong>270.</strong></span> <span class='ocrx_word' id='word_1_158' title='bbox 525 2232 641 2276; x_wconf 84' lang='lat' dir='ltr'>esti.</span> <span class='ocrx_word' id='word_1_159' title='bbox 663 2245 705 2288; x_wconf 89' lang='lat' dir='ltr'><strong>q.</strong></span> <span class='ocrx_word' id='word_1_160' title='bbox 728 2230 928 2275; x_wconf 86' lang='lat' dir='ltr'>molesto</span> 
     </span>
     <span class='ocr_line' id='line_1_32' title="bbox 185 2289 931 2346; baseline -0.007 -9"><span class='ocrx_word' id='word_1_161' title='bbox 185 2292 329 2337; x_wconf 89' lang='lat' dir='ltr'>odore</span> <span class='ocrx_word' id='word_1_162' title='bbox 391 2292 607 2346; x_wconf 88' lang='lat' dir='ltr'>depuras,</span> <span class='ocrx_word' id='word_1_163' title='bbox 667 2290 743 2334; x_wconf 86' lang='lat' dir='ltr'>fac</span> <span class='ocrx_word' id='word_1_164' title='bbox 807 2289 931 2332; x_wconf 86' lang='lat' dir='ltr'>virus</span> 
     </span>
     <span class='ocr_line' id='line_1_33' title="bbox 186 2351 933 2407; baseline -0.001 -16"><span class='ocrx_word' id='word_1_165' title='bbox 186 2351 375 2407; x_wconf 80' lang='grc' dir='ltr'>(βρόμον</span> <span class='ocrx_word' id='word_1_166' title='bbox 391 2364 472 2394; x_wconf 86' lang='lat' dir='ltr'>seu</span> <span class='ocrx_word' id='word_1_167' title='bbox 489 2351 686 2406; x_wconf 80' lang='grc' dir='ltr'>βρῶμον)</span> <span class='ocrx_word' id='word_1_168' title='bbox 705 2352 933 2404; x_wconf 84' lang='lat' dir='ltr'>exspuant</span> 
     </span>
     <span class='ocr_line' id='line_1_34' title="bbox 187 2408 932 2454; baseline -0.004 -1"><span class='ocrx_word' id='word_1_169' title='bbox 187 2415 235 2454; x_wconf 89' lang='lat' dir='ltr'>et</span> <span class='ocrx_word' id='word_1_170' title='bbox 295 2410 526 2453; x_wconf 87' lang='lat' dir='ltr'>amittant.</span> <span class='ocrx_word' id='word_1_171' title='bbox 585 2434 637 2439; x_wconf 84' lang='lat'>——</span> <span class='ocrx_word' id='word_1_172' title='bbox 696 2408 932 2452; x_wconf 86' lang='lat' dir='ltr'>adicies</span> 
     </span>
     <span class='ocr_line' id='line_1_35' title="bbox 187 2468 932 2521; baseline -0.007 -8"><span class='ocrx_word' id='word_1_173' title='bbox 187 2468 284 2513; x_wconf 85' lang='lat' dir='ltr'>scil.</span> <span class='ocrx_word' id='word_1_174' title='bbox 317 2469 364 2511; x_wconf 91' lang='lat' dir='ltr'>in</span> <span class='ocrx_word' id='word_1_175' title='bbox 394 2468 679 2519; x_wconf 87' lang='lat' dir='ltr'>mortarium,</span> <span class='ocrx_word' id='word_1_176' title='bbox 712 2480 827 2511; x_wconf 83' lang='lat' dir='ltr'>corr.</span> <span class='ocrx_word' id='word_1_177' title='bbox 847 2479 932 2521; x_wconf 84' lang='lat' dir='ltr'>pro</span> 
     </span>
     <span class='ocr_line' id='line_1_36' title="bbox 187 2525 933 2580; baseline -0.005 -9"><span class='ocrx_word' id='word_1_178' title='bbox 187 2527 396 2578; x_wconf 85' lang='lat' dir='ltr'>addes,</span> <span class='ocrx_word' id='word_1_179' title='bbox 447 2532 498 2571; x_wconf 91' lang='lat' dir='ltr'>ut</span> <span class='ocrx_word' id='word_1_180' title='bbox 549 2539 648 2570; x_wconf 88' lang='lat' dir='ltr'>mos</span> <span class='ocrx_word' id='word_1_181' title='bbox 695 2525 933 2580; x_wconf 86' lang='lat' dir='ltr'>apicianus</span> 
     </span>
     <span class='ocr_line' id='line_1_37' title="bbox 188 2584 937 2631; baseline -0.005 0"><span class='ocrx_word' id='word_1_182' title='bbox 188 2593 451 2631; x_wconf 82' lang='lat' dir='ltr'>servaretur</span> <span class='ocrx_word' id='word_1_183' title='bbox 493 2586 565 2629; x_wconf 86' lang='grc'>41.</span> <span class='ocrx_word' id='word_1_184' title='bbox 600 2586 668 2628; x_wconf 85' lang='grc'><strong>67.</strong></span> <span class='ocrx_word' id='word_1_185' title='bbox 708 2586 803 2627; x_wconf 86' lang='grc'><strong>151.</strong></span> <span class='ocrx_word' id='word_1_186' title='bbox 838 2584 937 2628; x_wconf 72' lang='grc'><strong>238.</strong></span> 
     </span>
     <span class='ocr_line' id='line_1_38' title="bbox 188 2643 936 2690; baseline -0.007 0"><span class='ocrx_word' id='word_1_187' title='bbox 188 2646 289 2690; x_wconf 79' lang='lat'><strong>267.</strong></span> <span class='ocrx_word' id='word_1_188' title='bbox 323 2645 420 2689; x_wconf 82' lang='lat'><strong>369.</strong></span> <span class='ocrx_word' id='word_1_189' title='bbox 456 2646 556 2689; x_wconf 84' lang='lat'><strong>381.</strong></span> <span class='ocrx_word' id='word_1_190' title='bbox 594 2644 691 2687; x_wconf 82' lang='lat'><strong>185.</strong></span> <span class='ocrx_word' id='word_1_191' title='bbox 722 2643 936 2686; x_wconf 79' lang='lat'><strong>186.117.</strong></span> 
     </span>
     <span class='ocr_line' id='line_1_39' title="bbox 190 2702 941 2758; baseline -0.004 -10"><span class='ocrx_word' id='word_1_192' title='bbox 190 2705 287 2749; x_wconf 78' lang='lat'><strong>126.</strong></span> <span class='ocrx_word' id='word_1_193' title='bbox 321 2704 421 2747; x_wconf 82' lang='lat'><strong>403.</strong></span> <span class='ocrx_word' id='word_1_194' title='bbox 445 2729 496 2736; x_wconf 84' lang='lat'><em>-</em></span> <span class='ocrx_word' id='word_1_195' title='bbox 531 2702 792 2747; x_wconf 84' lang='lat' dir='ltr'>fueritin</span> <span class='ocrx_word' id='word_1_196' title='bbox 811 2705 941 2758; x_wconf 86' lang='lat' dir='ltr'>quin-</span> 
     </span>
     <span class='ocr_line' id='line_1_40' title="bbox 189 2762 942 2821; baseline -0.004 -14"><span class='ocrx_word' id='word_1_197' title='bbox 189 2776 293 2821; x_wconf 91' lang='lat' dir='ltr'>que,</span> <span class='ocrx_word' id='word_1_198' title='bbox 336 2769 388 2807; x_wconf 91' lang='lat' dir='ltr'>ut</span> <span class='ocrx_word' id='word_1_199' title='bbox 431 2764 527 2806; x_wconf 83' lang='lat'><strong>131.</strong></span> <span class='ocrx_word' id='word_1_200' title='bbox 572 2762 827 2807; x_wconf 89' lang='lat' dir='ltr'>oridiam</span> <span class='ocrx_word' id='word_1_201' title='bbox 859 2774 942 2805; x_wconf 83' lang='lat' dir='ltr'>sex</span> 
     </span>
     <span class='ocr_line' id='line_1_41' title="bbox 190 2822 942 2879; baseline -0.005 -11"><span class='ocrx_word' id='word_1_202' title='bbox 190 2822 326 2868; x_wconf 82' lang='lat' dir='ltr'>codd.</span> <span class='ocrx_word' id='word_1_203' title='bbox 372 2822 611 2879; x_wconf 84' lang='lat' dir='ltr'>(orizam</span> <span class='ocrx_word' id='word_1_204' title='bbox 646 2822 712 2873; x_wconf 88' lang='grc' dir='ltr'>π.)</span> <span class='ocrx_word' id='word_1_205' title='bbox 757 2826 805 2864; x_wconf 91' lang='lat' dir='ltr'>et</span> <span class='ocrx_word' id='word_1_206' title='bbox 838 2834 942 2878; x_wconf 87' lang='lat' dir='ltr'>ory-</span> 
     </span>
     <span class='ocr_line' id='line_1_42' title="bbox 188 2879 940 2931; baseline -0.007 -2"><span class='ocrx_word' id='word_1_207' title='bbox 188 2894 289 2931; x_wconf 80' lang='lat' dir='ltr'>zam</span> <span class='ocrx_word' id='word_1_208' title='bbox 323 2882 519 2928; x_wconf 88' lang='lat' dir='ltr'>eundem</span> <span class='ocrx_word' id='word_1_209' title='bbox 550 2880 748 2926; x_wconf 79' lang='lat' dir='ltr'>fructum</span> <span class='ocrx_word' id='word_1_210' title='bbox 777 2879 940 2925; x_wconf 89' lang='lat' dir='ltr'>habeo.</span> 
     </span>
    </p>
   </div>
   <div class='ocr_carea' id='block_1_6' title="bbox 1016 806 1785 2939">
    <p class='ocr_par' dir='ltr' id='par_1_7' title="bbox 1016 806 1784 2392">
     <span class='ocr_line' id='line_1_43' title="bbox 1016 806 1778 853; baseline -0.004 0"><span class='ocrx_word' id='word_1_211' title='bbox 1016 809 1152 853; x_wconf 87' lang='lat' dir='ltr'>Hum.</span> <span class='ocrx_word' id='word_1_212' title='bbox 1186 821 1243 853; x_wconf 84' lang='lat' dir='ltr'>ex</span> <span class='ocrx_word' id='word_1_213' title='bbox 1275 807 1346 852; x_wconf 91' lang='lat' dir='ltr'>ed.</span> <span class='ocrx_word' id='word_1_214' title='bbox 1381 807 1570 852; x_wconf 87' lang='lat' dir='ltr'>mediol.</span> <span class='ocrx_word' id='word_1_215' title='bbox 1615 806 1778 851; x_wconf 90' lang='lat' dir='ltr'>orin-</span> 
     </span>
     <span class='ocr_line' id='line_1_44' title="bbox 1018 866 1773 923; baseline -0.003 -12"><span class='ocrx_word' id='word_1_216' title='bbox 1018 869 1166 911; x_wconf 89' lang='lat' dir='ltr'>diam</span> <span class='ocrx_word' id='word_1_217' title='bbox 1201 868 1265 923; x_wconf 89' lang='lat' dir='ltr'>(in</span> <span class='ocrx_word' id='word_1_218' title='bbox 1293 866 1364 911; x_wconf 90' lang='lat' dir='ltr'>ed.</span> <span class='ocrx_word' id='word_1_219' title='bbox 1394 880 1463 922; x_wconf 87' lang='lat' dir='ltr'><strong>pr.</strong></span> <span class='ocrx_word' id='word_1_220' title='bbox 1497 866 1773 919; x_wconf 86' lang='lat' dir='ltr'>,‚oridiam“)</span> 
     </span>
     <span class='ocr_line' id='line_1_45' title="bbox 1017 925 1775 977; baseline -0.004 -6"><span class='ocrx_word' id='word_1_221' title='bbox 1017 926 1130 971; x_wconf 84' lang='lat' dir='ltr'>fecit</span> <span class='ocrx_word' id='word_1_222' title='bbox 1162 926 1448 977; x_wconf 86' lang='lat' dir='ltr'>orindam,</span> <span class='ocrx_word' id='word_1_223' title='bbox 1481 926 1528 969; x_wconf 92' lang='lat' dir='ltr'>in</span> <span class='ocrx_word' id='word_1_224' title='bbox 1561 925 1663 969; x_wconf 91' lang='lat' dir='ltr'>cod.</span> <span class='ocrx_word' id='word_1_225' title='bbox 1683 925 1775 969; x_wconf 89' lang='lat' dir='ltr'>sal-</span> 
     </span>
     <span class='ocr_line' id='line_1_46' title="bbox 1018 985 1775 1036; baseline -0.001 -6"><span class='ocrx_word' id='word_1_226' title='bbox 1018 999 1130 1030; x_wconf 85' lang='lat' dir='ltr'>mas.</span> <span class='ocrx_word' id='word_1_227' title='bbox 1182 986 1281 1029; x_wconf 85' lang='grc'><strong>153.</strong></span> <span class='ocrx_word' id='word_1_228' title='bbox 1326 985 1425 1028; x_wconf 88' lang='grc'><strong>155.</strong></span> <span class='ocrx_word' id='word_1_229' title='bbox 1477 985 1680 1036; x_wconf 87' lang='lat' dir='ltr'>„orizia“</span> <span class='ocrx_word' id='word_1_230' title='bbox 1726 988 1775 1029; x_wconf 87' lang='lat' dir='ltr'>et</span> 
     </span>
     <span class='ocr_line' id='line_1_47' title="bbox 1020 1045 1773 1098; baseline -0.001 -9"><span class='ocrx_word' id='word_1_231' title='bbox 1020 1045 1243 1098; x_wconf 86' lang='lat' dir='ltr'>„oridia“,</span> <span class='ocrx_word' id='word_1_232' title='bbox 1306 1050 1357 1087; x_wconf 92' lang='lat' dir='ltr'>ut</span> <span class='ocrx_word' id='word_1_233' title='bbox 1403 1045 1503 1088; x_wconf 79' lang='lat'><strong>392.</strong></span> <span class='ocrx_word' id='word_1_234' title='bbox 1571 1057 1773 1095; x_wconf 74' lang='lat' dir='ltr'>„oxom-</span> 
     </span>
     <span class='ocr_line' id='line_1_48' title="bbox 1017 1102 1774 1155; baseline -0.003 -6"><span class='ocrx_word' id='word_1_235' title='bbox 1017 1109 1169 1149; x_wconf 78' lang='lat' dir='ltr'>mum⁴⁶</span> <span class='ocrx_word' id='word_1_236' title='bbox 1214 1108 1262 1148; x_wconf 91' lang='lat' dir='ltr'>et</span> <span class='ocrx_word' id='word_1_237' title='bbox 1303 1103 1674 1155; x_wconf 83' lang='lat' dir='ltr'>‚,exodiomum“,</span> <span class='ocrx_word' id='word_1_238' title='bbox 1707 1102 1774 1147; x_wconf 88' lang='lat' dir='ltr'>sic</span> 
     </span>
     <span class='ocr_line' id='line_1_49' title="bbox 1023 1161 1769 1218; baseline -0.004 -10"><span class='ocrx_word' id='word_1_239' title='bbox 1023 1163 1322 1218; x_wconf 87' lang='lat' dir='ltr'>„diabernas“</span> <span class='ocrx_word' id='word_1_240' title='bbox 1368 1175 1453 1218; x_wconf 90' lang='lat' dir='ltr'>pro</span> <span class='ocrx_word' id='word_1_241' title='bbox 1490 1161 1769 1217; x_wconf 82' lang='lat' dir='ltr'>„zabernas“</span> 
     </span>
     <span class='ocr_line' id='line_1_50' title="bbox 1018 1221 1777 1272; baseline -0.001 -5"><span class='ocrx_word' id='word_1_242' title='bbox 1018 1224 1064 1267; x_wconf 93' lang='lat' dir='ltr'>in</span> <span class='ocrx_word' id='word_1_243' title='bbox 1107 1223 1276 1267; x_wconf 88' lang='lat' dir='ltr'>Edicto</span> <span class='ocrx_word' id='word_1_244' title='bbox 1326 1221 1477 1266; x_wconf 90' lang='lat' dir='ltr'>Diocl.</span> <span class='ocrx_word' id='word_1_245' title='bbox 1526 1223 1594 1272; x_wconf 88' lang='lat'>11,</span> <span class='ocrx_word' id='word_1_246' title='bbox 1635 1222 1677 1266; x_wconf 81' lang='lat'>2.</span> <span class='ocrx_word' id='word_1_247' title='bbox 1710 1221 1777 1266; x_wconf 83' lang='lat' dir='ltr'>sio</span> 
     </span>
     <span class='ocr_line' id='line_1_51' title="bbox 1018 1280 1774 1339; baseline -0.001 -13"><span class='ocrx_word' id='word_1_248' title='bbox 1018 1282 1337 1339; x_wconf 77' lang='lat' dir='ltr'>gargaridiare</span> <span class='ocrx_word' id='word_1_249' title='bbox 1377 1294 1451 1337; x_wconf 90' lang='lat' dir='ltr'>ap.</span> <span class='ocrx_word' id='word_1_250' title='bbox 1507 1280 1638 1325; x_wconf 83' lang='lat' dir='ltr'><strong>Varr.</strong></span> <span class='ocrx_word' id='word_1_251' title='bbox 1683 1281 1774 1325; x_wconf 92' lang='lat' dir='ltr'>No-</span> 
     </span>
     <span class='ocr_line' id='line_1_52' title="bbox 1018 1340 1771 1392; baseline -0.003 -6"><span class='ocrx_word' id='word_1_252' title='bbox 1018 1342 1082 1386; x_wconf 90' lang='lat' dir='ltr'>nii</span> <span class='ocrx_word' id='word_1_253' title='bbox 1113 1342 1159 1384; x_wconf 92' lang='lat' dir='ltr'>in</span> <span class='ocrx_word' id='word_1_254' title='bbox 1191 1355 1231 1385; x_wconf 84' lang='lat' dir='ltr'>v.</span> <span class='ocrx_word' id='word_1_255' title='bbox 1253 1341 1445 1385; x_wconf 86' lang='lat' dir='ltr'>zabolus</span> <span class='ocrx_word' id='word_1_256' title='bbox 1468 1344 1516 1384; x_wconf 90' lang='lat' dir='ltr'>et</span> <span class='ocrx_word' id='word_1_257' title='bbox 1539 1340 1771 1392; x_wconf 84' lang='lat' dir='ltr'>diabolus,</span> 
     </span>
     <span class='ocr_line' id='line_1_53' title="bbox 1020 1399 1775 1451; baseline -0.003 -6"><span class='ocrx_word' id='word_1_258' title='bbox 1020 1401 1178 1445; x_wconf 81' lang='lat' dir='ltr'>diaeta</span> <span class='ocrx_word' id='word_1_259' title='bbox 1220 1405 1268 1444; x_wconf 90' lang='lat' dir='ltr'>et</span> <span class='ocrx_word' id='word_1_260' title='bbox 1311 1405 1462 1451; x_wconf 87' lang='lat' dir='ltr'>zaeta,</span> <span class='ocrx_word' id='word_1_261' title='bbox 1506 1399 1681 1444; x_wconf 86' lang='lat' dir='ltr'>Diavas</span> <span class='ocrx_word' id='word_1_262' title='bbox 1725 1403 1775 1443; x_wconf 90' lang='lat' dir='ltr'>et</span> 
     </span>
     <span class='ocr_line' id='line_1_54' title="bbox 1019 1457 1774 1514; baseline -0.004 -9"><span class='ocrx_word' id='word_1_263' title='bbox 1019 1460 1167 1505; x_wconf 84' lang='lat' dir='ltr'>Zabas</span> <span class='ocrx_word' id='word_1_264' title='bbox 1200 1472 1272 1514; x_wconf 91' lang='lat' dir='ltr'>ap.</span> <span class='ocrx_word' id='word_1_265' title='bbox 1307 1458 1464 1503; x_wconf 88' lang='lat' dir='ltr'>Vales.</span> <span class='ocrx_word' id='word_1_266' title='bbox 1497 1458 1560 1502; x_wconf 90' lang='lat' dir='ltr'>ad</span> <span class='ocrx_word' id='word_1_267' title='bbox 1591 1457 1774 1502; x_wconf 91' lang='lat' dir='ltr'>Ammi-</span> 
     </span>
     <span class='ocr_line' id='line_1_55' title="bbox 1018 1517 1774 1571; baseline -0.003 -8"><span class='ocrx_word' id='word_1_268' title='bbox 1018 1533 1090 1563; x_wconf 88' lang='lat' dir='ltr'>an.</span> <span class='ocrx_word' id='word_1_269' title='bbox 1125 1520 1196 1570; x_wconf 76' lang='lat'>23,</span> <span class='ocrx_word' id='word_1_270' title='bbox 1230 1519 1270 1570; x_wconf 91' lang='lat'>6,</span> <span class='ocrx_word' id='word_1_271' title='bbox 1315 1518 1386 1568; x_wconf 79' lang='grc'>20,</span> <span class='ocrx_word' id='word_1_272' title='bbox 1419 1518 1486 1561; x_wconf 88' lang='lat' dir='ltr'>sic</span> <span class='ocrx_word' id='word_1_273' title='bbox 1527 1518 1650 1571; x_wconf 82' lang='grc' dir='ltr'><strong><em>σχίζα</em></strong></span> <span class='ocrx_word' id='word_1_274' title='bbox 1695 1517 1774 1561; x_wconf 88' lang='lat' dir='ltr'>Vi-</span> 
     </span>
     <span class='ocr_line' id='line_1_56' title="bbox 1018 1576 1775 1628; baseline -0.003 -6"><span class='ocrx_word' id='word_1_275' title='bbox 1018 1578 1171 1622; x_wconf 87' lang='lat' dir='ltr'>truvio</span> <span class='ocrx_word' id='word_1_276' title='bbox 1206 1579 1246 1628; x_wconf 81' lang='lat'>2,</span> <span class='ocrx_word' id='word_1_277' title='bbox 1284 1579 1323 1628; x_wconf 91' lang='lat'>1,</span> <span class='ocrx_word' id='word_1_278' title='bbox 1354 1577 1396 1619; x_wconf 87' lang='lat'>4.</span> <span class='ocrx_word' id='word_1_279' title='bbox 1433 1577 1563 1628; x_wconf 86' lang='lat'>7,10‚</span> <span class='ocrx_word' id='word_1_280' title='bbox 1596 1577 1636 1620; x_wconf 87' lang='lat'><strong>3.</strong></span> <span class='ocrx_word' id='word_1_281' title='bbox 1656 1576 1775 1620; x_wconf 87' lang='lat' dir='ltr'>schi-</span> 
     </span>
     <span class='ocr_line' id='line_1_57' title="bbox 1019 1633 1780 1688; baseline -0.011 -6"><span class='ocrx_word' id='word_1_282' title='bbox 1019 1638 1096 1682; x_wconf 84' lang='lat' dir='ltr'>dia</span> <span class='ocrx_word' id='word_1_283' title='bbox 1151 1637 1331 1680; x_wconf 85' lang='lat' dir='ltr'>dicitur.</span> <span class='ocrx_word' id='word_1_284' title='bbox 1390 1636 1458 1680; x_wconf 86' lang='lat' dir='ltr'>sic</span> <span class='ocrx_word' id='word_1_285' title='bbox 1500 1635 1545 1683; x_wconf 85' lang='grc' dir='ltr'>ζα</span> <span class='ocrx_word' id='word_1_286' title='bbox 1592 1640 1641 1679; x_wconf 90' lang='lat' dir='ltr'>et</span> <span class='ocrx_word' id='word_1_287' title='bbox 1687 1633 1780 1688; x_wconf 72' lang='grc' dir='ltr'>διαί,</span> 
     </span>
     <span class='ocr_line' id='line_1_58' title="bbox 1017 1694 1775 1748; baseline -0.001 -7"><span class='ocrx_word' id='word_1_288' title='bbox 1017 1696 1204 1741; x_wconf 84' lang='lat' dir='ltr'>Abrens</span> <span class='ocrx_word' id='word_1_289' title='bbox 1249 1694 1371 1740; x_wconf 86' lang='lat' dir='ltr'>Dial.</span> <span class='ocrx_word' id='word_1_290' title='bbox 1419 1696 1530 1739; x_wconf 89' lang='lat' dir='ltr'><strong>Dor.</strong></span> <span class='ocrx_word' id='word_1_291' title='bbox 1572 1699 1608 1748; x_wconf 66' lang='grc' dir='ltr'><strong>ξ.</strong></span> <span class='ocrx_word' id='word_1_292' title='bbox 1656 1695 1694 1738; x_wconf 83' lang='lat'>7.</span> <span class='ocrx_word' id='word_1_293' title='bbox 1733 1697 1775 1740; x_wconf 89' lang='lat'>1.</span> 
     </span>
     <span class='ocr_line' id='line_1_59' title="bbox 1018 1754 1779 1810; baseline -0.003 -10"><span class='ocrx_word' id='word_1_294' title='bbox 1018 1757 1139 1800; x_wconf 89' lang='lat' dir='ltr'>Rost</span> <span class='ocrx_word' id='word_1_295' title='bbox 1171 1756 1279 1798; x_wconf 87' lang='lat' dir='ltr'><strong>Lex.</strong></span> <span class='ocrx_word' id='word_1_296' title='bbox 1310 1756 1330 1797; x_wconf 95' lang='lat'><strong>1</strong></span> <span class='ocrx_word' id='word_1_297' title='bbox 1365 1768 1409 1810; x_wconf 92' lang='lat' dir='ltr'><strong>p.</strong></span> <span class='ocrx_word' id='word_1_298' title='bbox 1436 1755 1565 1797; x_wconf 79' lang='lat'><strong>1302.</strong></span> <span class='ocrx_word' id='word_1_299' title='bbox 1590 1754 1779 1810; x_wconf 86' lang='lat' dir='ltr'>insuper</span> 
     </span>
     <span class='ocr_line' id='line_1_60' title="bbox 1021 1812 1777 1868; baseline -0.003 -9"><span class='ocrx_word' id='word_1_300' title='bbox 1021 1815 1051 1859; x_wconf 92' lang='lat' dir='ltr'>d</span> <span class='ocrx_word' id='word_1_301' title='bbox 1084 1820 1187 1859; x_wconf 89' lang='lat' dir='ltr'>etz</span> <span class='ocrx_word' id='word_1_302' title='bbox 1230 1814 1426 1857; x_wconf 85' lang='lat' dir='ltr'>variant.</span> <span class='ocrx_word' id='word_1_303' title='bbox 1470 1813 1531 1856; x_wconf 87' lang='lat' dir='ltr'>ad</span> <span class='ocrx_word' id='word_1_304' title='bbox 1575 1812 1777 1868; x_wconf 87' lang='lat' dir='ltr'>Capitol.</span> 
     </span>
     <span class='ocr_line' id='line_1_61' title="bbox 1021 1873 1778 1929; baseline 0.001 -12"><span class='ocrx_word' id='word_1_305' title='bbox 1021 1873 1202 1918; x_wconf 88' lang='lat' dir='ltr'>Anton.</span> <span class='ocrx_word' id='word_1_306' title='bbox 1235 1873 1368 1917; x_wconf 91' lang='lat' dir='ltr'>Pium</span> <span class='ocrx_word' id='word_1_307' title='bbox 1400 1874 1440 1916; x_wconf 84' lang='lat'>9.</span> <span class='ocrx_word' id='word_1_308' title='bbox 1475 1873 1670 1916; x_wconf 88' lang='lat' dir='ltr'>sebadia</span> <span class='ocrx_word' id='word_1_309' title='bbox 1701 1885 1778 1929; x_wconf 90' lang='lat' dir='ltr'>ap.</span> 
     </span>
     <span class='ocr_line' id='line_1_62' title="bbox 1021 1932 1781 1983; baseline -0.003 -6"><span class='ocrx_word' id='word_1_310' title='bbox 1021 1933 1199 1977; x_wconf 86' lang='lat' dir='ltr'><strong>Arnob.</strong></span> <span class='ocrx_word' id='word_1_311' title='bbox 1235 1933 1277 1983; x_wconf 88' lang='grc'>5,</span> <span class='ocrx_word' id='word_1_312' title='bbox 1329 1934 1398 1975; x_wconf 77' lang='lat'><strong>21.</strong></span> <span class='ocrx_word' id='word_1_313' title='bbox 1442 1932 1536 1975; x_wconf 90' lang='lat' dir='ltr'>Ian.</span> <span class='ocrx_word' id='word_1_314' title='bbox 1581 1932 1643 1975; x_wconf 87' lang='lat' dir='ltr'>ad</span> <span class='ocrx_word' id='word_1_315' title='bbox 1686 1932 1781 1975; x_wconf 81' lang='lat' dir='ltr'>Ma-</span> 
     </span>
     <span class='ocr_line' id='line_1_63' title="bbox 1022 1991 1781 2042; baseline -0.004 -5"><span class='ocrx_word' id='word_1_316' title='bbox 1022 1992 1148 2037; x_wconf 77' lang='lat' dir='ltr'>crob.</span> <span class='ocrx_word' id='word_1_317' title='bbox 1182 1996 1267 2035; x_wconf 85' lang='lat' dir='ltr'>sat.</span> <span class='ocrx_word' id='word_1_318' title='bbox 1306 1993 1345 2034; x_wconf 94' lang='lat'>1.</span> <span class='ocrx_word' id='word_1_319' title='bbox 1382 1991 1451 2042; x_wconf 89' lang='grc'><strong>18,</strong></span> <span class='ocrx_word' id='word_1_320' title='bbox 1488 1992 1555 2033; x_wconf 87' lang='grc'>11.</span> <span class='ocrx_word' id='word_1_321' title='bbox 1590 1995 1638 2035; x_wconf 91' lang='lat' dir='ltr'>et</span> <span class='ocrx_word' id='word_1_322' title='bbox 1674 1995 1781 2034; x_wconf 86' lang='lat' dir='ltr'>zeta</span> 
     </span>
     <span class='ocr_line' id='line_1_64' title="bbox 1020 2050 1780 2095; baseline -0.003 0"><span class='ocrx_word' id='word_1_323' title='bbox 1020 2065 1049 2095; x_wconf 86' lang='lat' dir='ltr'>a</span> <span class='ocrx_word' id='word_1_324' title='bbox 1082 2051 1259 2094; x_wconf 87' lang='lat' dir='ltr'>Latinis</span> <span class='ocrx_word' id='word_1_325' title='bbox 1301 2051 1347 2094; x_wconf 93' lang='lat' dir='ltr'>in</span> <span class='ocrx_word' id='word_1_326' title='bbox 1381 2050 1511 2094; x_wconf 89' lang='lat' dir='ltr'>delta</span> <span class='ocrx_word' id='word_1_327' title='bbox 1544 2054 1780 2093; x_wconf 86' lang='lat' dir='ltr'>mutatur:</span> 
     </span>
     <span class='ocr_line' id='line_1_65' title="bbox 1022 2109 1780 2160; baseline 0.003 -10"><span class='ocrx_word' id='word_1_328' title='bbox 1022 2111 1138 2158; x_wconf 81' lang='grc' dir='ltr'><em>λαζοὶ</em></span> <span class='ocrx_word' id='word_1_329' title='bbox 1186 2109 1296 2160; x_wconf 89' lang='lat' dir='ltr'>ladi,</span> <span class='ocrx_word' id='word_1_330' title='bbox 1344 2111 1468 2160; x_wconf 76' lang='grc' dir='ltr'>βάζω</span> <span class='ocrx_word' id='word_1_331' title='bbox 1507 2109 1647 2159; x_wconf 82' lang='lat' dir='ltr'>vado,</span> <span class='ocrx_word' id='word_1_332' title='bbox 1697 2110 1780 2156; x_wconf 79' lang='grc' dir='ltr'>ὄζω</span> 
     </span>
     <span class='ocr_line' id='line_1_66' title="bbox 1023 2167 1783 2224; baseline -0.011 -10"><span class='ocrx_word' id='word_1_333' title='bbox 1023 2169 1115 2214; x_wconf 91' lang='lat' dir='ltr'>odo</span> <span class='ocrx_word' id='word_1_334' title='bbox 1165 2174 1212 2213; x_wconf 83' lang='lat' dir='ltr'>et</span> <span class='ocrx_word' id='word_1_335' title='bbox 1258 2175 1426 2224; x_wconf 89' lang='lat' dir='ltr'>postea</span> <span class='ocrx_word' id='word_1_336' title='bbox 1467 2168 1576 2212; x_wconf 88' lang='lat' dir='ltr'>olio.</span> <span class='ocrx_word' id='word_1_337' title='bbox 1616 2167 1783 2216; x_wconf 78' lang='grc' dir='ltr'>οῖνίζων</span> 
     </span>
     <span class='ocr_line' id='line_1_67' title="bbox 1022 2227 1783 2279; baseline -0.005 -5"><span class='ocrx_word' id='word_1_338' title='bbox 1022 2229 1224 2279; x_wconf 88' lang='lat' dir='ltr'>unedon,</span> <span class='ocrx_word' id='word_1_339' title='bbox 1243 2228 1497 2274; x_wconf 89' lang='lat' dir='ltr'>secundum</span> <span class='ocrx_word' id='word_1_340' title='bbox 1515 2227 1709 2272; x_wconf 83' lang='lat' dir='ltr'>Salmas.</span> <span class='ocrx_word' id='word_1_341' title='bbox 1736 2228 1783 2270; x_wconf 92' lang='lat' dir='ltr'>in</span> 
     </span>
     <span class='ocr_line' id='line_1_68' title="bbox 1025 2286 1784 2344; baseline -0.003 -12"><span class='ocrx_word' id='word_1_342' title='bbox 1025 2288 1169 2333; x_wconf 85' lang='lat' dir='ltr'>Solin.</span> <span class='ocrx_word' id='word_1_343' title='bbox 1204 2301 1247 2344; x_wconf 90' lang='lat' dir='ltr'><strong>p.</strong></span> <span class='ocrx_word' id='word_1_344' title='bbox 1281 2288 1382 2331; x_wconf 77' lang='lat'><strong>362.</strong></span> <span class='ocrx_word' id='word_1_345' title='bbox 1416 2288 1461 2330; x_wconf 90' lang='lat' dir='ltr'>b.</span> <span class='ocrx_word' id='word_1_346' title='bbox 1498 2310 1550 2316; x_wconf 86' lang='lat'>---</span> <span class='ocrx_word' id='word_1_347' title='bbox 1583 2300 1669 2342; x_wconf 83' lang='lat' dir='ltr'>pro</span> <span class='ocrx_word' id='word_1_348' title='bbox 1702 2286 1784 2330; x_wconf 92' lang='lat' dir='ltr'>in-</span> 
     </span>
     <span class='ocr_line' id='line_1_69' title="bbox 1025 2343 1782 2392; baseline -0.005 -1"><span class='ocrx_word' id='word_1_349' title='bbox 1025 2347 1186 2392; x_wconf 86' lang='lat' dir='ltr'>feres</span> <span class='ocrx_word' id='word_1_350' title='bbox 1230 2345 1353 2390; x_wconf 89' lang='lat' dir='ltr'>forte</span> <span class='ocrx_word' id='word_1_351' title='bbox 1400 2343 1690 2390; x_wconf 88' lang='lat' dir='ltr'>conferes.</span> <span class='ocrx_word' id='word_1_352' title='bbox 1729 2369 1782 2375; x_wconf 80' lang='lat'>—</span> 
     </span>
    </p>

    <p class='ocr_par' dir='ltr' id='par_1_8' title="bbox 1023 2406 1785 2939">
     <span class='ocr_line' id='line_1_70' title="bbox 1112 2406 1782 2460; baseline 0 -12"><span class='ocrx_word' id='word_1_353' title='bbox 1112 2406 1174 2449; x_wconf 89' lang='lat' dir='ltr'>ad</span> <span class='ocrx_word' id='word_1_354' title='bbox 1206 2407 1276 2448; x_wconf 83' lang='lat'>53.</span> <span class='ocrx_word' id='word_1_355' title='bbox 1326 2413 1701 2460; x_wconf 83' lang='lat' dir='ltr'>apotermum</span> <span class='ocrx_word' id='word_1_356' title='bbox 1734 2408 1782 2448; x_wconf 89' lang='lat' dir='ltr'>et</span> 
     </span>
     <span class='ocr_line' id='line_1_71' title="bbox 1023 2462 1784 2520; baseline -0.003 -12"><span class='ocrx_word' id='word_1_357' title='bbox 1023 2464 1429 2520; x_wconf 87' lang='lat' dir='ltr'>apothermum</span> <span class='ocrx_word' id='word_1_358' title='bbox 1475 2463 1610 2507; x_wconf 90' lang='lat' dir='ltr'>codd.</span> <span class='ocrx_word' id='word_1_359' title='bbox 1656 2462 1784 2520; x_wconf 91' lang='lat' dir='ltr'>quod</span> 
     </span>
     <span class='ocr_line' id='line_1_72' title="bbox 1024 2523 1782 2580; baseline 0.005 -18"><span class='ocrx_word' id='word_1_360' title='bbox 1024 2529 1148 2568; x_wconf 78' lang='lat' dir='ltr'>esset</span> <span class='ocrx_word' id='word_1_361' title='bbox 1182 2523 1470 2578; x_wconf 60' lang='grc' dir='ltr'><strong>α’ποίθερμον.</strong></span> <span class='ocrx_word' id='word_1_362' title='bbox 1499 2524 1614 2580; x_wconf 84' lang='lat' dir='ltr'>jam.</span> <span class='ocrx_word' id='word_1_363' title='bbox 1649 2523 1782 2566; x_wconf 88' lang='lat' dir='ltr'><strong>Hum.</strong></span> 
     </span>
     <span class='ocr_line' id='line_1_73' title="bbox 1032 2579 1782 2638; baseline -0.012 -11"><span class='ocrx_word' id='word_1_364' title='bbox 1032 2596 1147 2628; x_wconf 86' lang='lat' dir='ltr'>corr.</span> <span class='ocrx_word' id='word_1_365' title='bbox 1170 2582 1546 2638; x_wconf 87' lang='lat' dir='ltr'>apodermum</span> <span class='ocrx_word' id='word_1_366' title='bbox 1578 2579 1782 2637; x_wconf 66' lang='grc' dir='ltr'><strong>α’πόὸερ.</strong></span> 
     </span>
     <span class='ocr_line' id='line_1_74' title="bbox 1031 2641 1784 2695; baseline 0.003 -13"><span class='ocrx_word' id='word_1_367' title='bbox 1031 2658 1128 2693; x_wconf 75' lang='grc' dir='ltr'>μον,</span> <span class='ocrx_word' id='word_1_368' title='bbox 1182 2649 1233 2686; x_wconf 86' lang='lat' dir='ltr'>ut</span> <span class='ocrx_word' id='word_1_369' title='bbox 1287 2646 1411 2687; x_wconf 85' lang='lat' dir='ltr'>esset</span> <span class='ocrx_word' id='word_1_370' title='bbox 1464 2641 1667 2695; x_wconf 84' lang='lat' dir='ltr'>„isicium</span> <span class='ocrx_word' id='word_1_371' title='bbox 1708 2653 1784 2685; x_wconf 86' lang='lat' dir='ltr'>ex-</span> 
     </span>
     <span class='ocr_line' id='line_1_75' title="bbox 1032 2699 1785 2757; baseline -0.003 -11"><span class='ocrx_word' id='word_1_372' title='bbox 1032 2704 1271 2754; x_wconf 71' lang='lat' dir='ltr'>coriatum,</span> <span class='ocrx_word' id='word_1_373' title='bbox 1296 2702 1362 2746; x_wconf 90' lang='lat' dir='ltr'>sic</span> <span class='ocrx_word' id='word_1_374' title='bbox 1381 2701 1555 2745; x_wconf 90' lang='lat' dir='ltr'>dictum</span> <span class='ocrx_word' id='word_1_375' title='bbox 1580 2699 1704 2757; x_wconf 89' lang='lat' dir='ltr'>quod</span> <span class='ocrx_word' id='word_1_376' title='bbox 1728 2712 1785 2744; x_wconf 81' lang='lat' dir='ltr'>ex</span> 
     </span>
     <span class='ocr_line' id='line_1_76' title="bbox 1031 2759 1784 2817; baseline -0.001 -13"><span class='ocrx_word' id='word_1_377' title='bbox 1031 2761 1225 2806; x_wconf 87' lang='lat' dir='ltr'>nucibus</span> <span class='ocrx_word' id='word_1_378' title='bbox 1258 2761 1476 2817; x_wconf 86' lang='lat' dir='ltr'>depilatis</span> <span class='ocrx_word' id='word_1_379' title='bbox 1510 2765 1557 2804; x_wconf 91' lang='lat' dir='ltr'>et</span> <span class='ocrx_word' id='word_1_380' title='bbox 1589 2759 1784 2804; x_wconf 78' lang='lat' dir='ltr'>excorti—</span> 
     </span>
     <span class='ocr_line' id='line_1_77' title="bbox 1034 2817 1785 2874; baseline -0.004 -9"><span class='ocrx_word' id='word_1_381' title='bbox 1034 2821 1149 2865; x_wconf 86' lang='lat' dir='ltr'>catis</span> <span class='ocrx_word' id='word_1_382' title='bbox 1183 2817 1470 2871; x_wconf 88' lang='lat' dir='ltr'>conficiatur,</span> <span class='ocrx_word' id='word_1_383' title='bbox 1512 2819 1785 2874; x_wconf 87' lang='lat' dir='ltr'>praesertim</span> 
     </span>
     <span class='ocr_line' id='line_1_78' title="bbox 1032 2878 1783 2939; baseline -0.001 -15"><span class='ocrx_word' id='word_1_384' title='bbox 1032 2880 1179 2936; x_wconf 86' lang='lat' dir='ltr'>pineis</span> <span class='ocrx_word' id='word_1_385' title='bbox 1228 2888 1271 2923; x_wconf 79' lang='lat' dir='ltr'>et</span> <span class='ocrx_word' id='word_1_386' title='bbox 1328 2878 1632 2939; x_wconf 81' lang='lat' dir='ltr'>amygdalis“.</span> <span class='ocrx_word' id='word_1_387' title='bbox 1693 2891 1783 2938; x_wconf 82' lang='lat' dir='ltr'>ego</span> 
     </span>
    </p>
   </div>
  </div>
 </body>
</html>
