2066 3276
367 273 470 330 156

917 275 1017 322 Lib.
1042 275 1142 320 VII.
1205 276 1440 322 Politeles.

364 411 491 474 tam,
532 407 729 476 apium,
770 413 956 475 rutam,
997 410 1118 476 mel,
1160 413 1368 462 acetum
1409 409 1495 462 vel
1546 409 1739 476 vinum,
1783 410 1946 463 salem

362 483 449 535 vel
490 482 757 548 liquamen
798 487 849 536 et
890 483 1063 536 oleum
1103 483 1329 536 modice.

473 555 598 607 325.
652 558 728 609 In
768 556 1166 610 colocasio:
1221 557 1391 626 piper,
1447 556 1708 622 ciminum,
1762 560 1948 623 rutam,

361 629 484 694 mel,
524 629 810 697 liquamen,
854 631 957 684 olei
997 630 1279 684 modicum.
1323 647 1440 683 cum
1479 629 1745 696 fervuerit‚
1777 631 1950 683 amolo

363 703 587 769 obligas

474 778 598 829 326.
654 776 949 830 Cocleas
993 777 1197 850 [lacte
1237 775 1533 848 pastas]:

1589 776 1823 844 accipies
1866 794 1952 830 co-

368 850 532 918 01030,
555 851 914 921 spong·izabiS‚
955 853 1316 905 membranam
1343 851 1499 903 tolles
1524 855 1580 902 111
1606 851 1811 918 possint
1836 867 1954 921 pro-

364 923 496 978 dire.
538 924 740 978 adicies
779 924 834 977 in
873 942 969 978 vas
1008 926 1093 979 lac
1135 930 1186 979 et
1226 926 1392 979 salem
1445 941 1551 976 uno
1605 924 1709 991 die,
1765 924 1954 978 ceteris

362 997 552 1051 diebus
593 999 677 1051 lac
716 1016 813 1070 per
853 1016 911 1052 se
954 1005 1006 1053 et
1046 999 1185 1051 omni
1228 999 1359 1052 hora
1398 998 1679 1051 mundabis
1733 1003 1951 1052 01010110.

365 1089 484 1127 011111
525 1077 682 1141 pasta
721 1073 931 1141 fuerint,
973 1078 1030 1126 ut
1068 1091 1173 1126 non
1213 1073 1421 1143 possint
1460 1089 1518 1126 se
1557 1071 1843 1139 retrahere,
1889 1089 1956 1126 ex

451 1190 513 1235 ad
544 1191 645 1235 325.
696 1191 753 1236 de
788 1191 1022 1237 colocasio
1055 1191 1117 1236 ad

364 1250 438 1294 68.
471 1250 551 1294 ubi
583 1250 706 1294 idem
740 1249 835 1295 fere
868 1251 950 1295 ius.

451 1309 513 1353 ad
545 1310 646 1353 326.
690 1310 747 1354 de
780 1322 950 1365 genere
984 1309 1118 1353 coch—

362 1369 464 1413 leae
507 1381 598 1424 quo
642 1368 687 1411 in
731 1369 835 1413 cibo
868 1369 1119 1412 utebantur

365 1427 423 1473 cf.
467 1427 598 1471 Varr.
643 1429 685 1476 3,
722 1428 789 1477 14,
821 1427 863 1471 4.
926 1428 1041 1470 Plin.
1076 1427 1117 1477 8,

369 1486 613 1530 139.140.
662 1487 847 1537 9,173.
901 1487 997 1529 174.
1046 1487 1118 1537 30,

365 1546 479 1590 44-
485 1545 555 1588 46.
608 1559 709 1589 011111
759 1546 961 1590 Glonov.
1021 1551 1117 1589 not.

365 1619 411 1661 p.
447 1606 515 1648 61.
551 1604 705 1648 Diosc.
727 1606 767 1655 2,
789 1606 857 1648 11.
892 1605 1017 1660 apud
1034 1618 1119 1648 nos

367 1665 492 1708 helix
524 1665 734 1719 pomatia
777 1670 824 1708 et
867 1677 1037 1720 grysea
1069 1664 1118 1706 L.

367 1724 481 1768 alibi
514 1723 637 1767 aliae
670 1724 880 1767 eduntur
936 1723 1119 1767 Klemm

365 1782 651 1827 Culturwiss.
685 1796 729 1838 p.
767 1783 888 1826 75.-
896 1809 919 1811 μ
967 1782 1120 1825 lacte

364 1846 583 1899 pastas
617 1854 672 1885 ex
705 1854 913 1897 marg.—
953 1855 1120 1896 spon-

363 1900 604 1958 gizabis
648 1914 703 1945 ex
735 1905 777 1952 β.
823 1900 1011 1956 sfong.
1047 1900 1117 1944 ed.

365 1975 432 2017 pr.
478 1959 636 2015 song.
681 1960 726 2003 in
771 1960 936 2004 ceteris
982 1959 1118 2003 codd.

368 2045 419 2049 -—
454 2019 583 2063 sale
616 2019 660 2061 in
694 2033 788 2063 sex.
826 2045 878 2048 -—
921 2019 977 2062 in
1027 2019 1122 2061 lac

367 2079 504 2124 codd
525 2074 748 2122 —bmni
779 2078 928 2122 hora
959 2079 1005 2121 in
1029 2090 1120 2121 una

366 2138 437 2182 ed.
488 2152 553 2193 pr.
603 2151 688 2192 pro
739 2149 998 2181 ommora
1044 2137 1119 2180 vel

367 2197 483 2241 omi
515 2208 641 2240 013.
681 2196 894 2240 011111111οι
926 2196 1117 2240 Salmas.

366 2256 413 2299 in
445 2255 588 2299 Solin.
624 2269 668 2311 p.
702 2256 801 2299 232.
837 2268 879 2298 a.
923 2255 1119 2298 Plinium

370 2316 412 2366 8,
446 2315 543 2358 136.
580 2321 627 2359 01
661 2314 847 2366 Quintil.
871 2315 1000 2365 11‚3,
1022 2315 1117 2356 137.

367 2375 582 2425 correxit,
626 2373 750 2428 apud
794 2386 928 2429 quem
965 2373 1119 2416 malim

370 2433 442 2485 „in
475 2436 582 2477 ore⁶⁶
618 2446 703 2489 pro
729 2433 829 2476 cod.
851 2432 1014 2487 optimi
1050 2432 1119 2484 „in

367 2495 492 2536 ora“.
521 2517 571 2521 ——
591 2505 690 2547 pas
705 2496 723 2534 t
737 2504 764 2533 a
782 2491 959 2547 sagina,
978 2490 1121 2534 durch

367 2555 504 2602 mast,
540 2563 597 2594 ex
627 2568 652 2605 y
684 2555 732 2594 et
763 2549 883 2594 florr.
918 2564 1002 2605 pro
1030 2562 1120 2604 pa-

367 2614 512 2654 stae.
557 2610 618 2653 ad
650 2610 721 2653 49.
766 2608 995 2653 fuerint
1026 2608 1121 2653 fac-

368 2673 449 2712 tae
482 2668 586 2712 sint.
623 2667 678 2712 cf.
713 2667 904 2713 Sallust.
928 2668 1026 2712 Cat.
1048 2669 1118 2712 20.

369 2728 540 2783 volgus
569 2726 753 2777 fuimus,
785 2727 925 2771 Fabri
942 2727 1001 2769 ad
1020 2727 1118 2771 Liv.

369 2788 442 2837 21,
462 2787 592 2838 63‚3.
625 2786 823 2841 interpp.
858 2786 919 2829 ad
946 2785 1119 2841 Vergil.

371 2846 457 2890 ecl.
492 2846 533 2897 7,
566 2846 637 2889 31.
670 2843 827 2888 fiunt
859 2845 930 2888 ed.
964 2858 1031 2899 pr.
1067 2869 1119 2874 —-

370 2909 426 2949 et
462 2918 530 2949 ex
562 2905 631 2948 ol.
667 2904 804 2949 codd.
839 2908 886 2948 et
917 2904 1032 2947 sim.
1067 2908 1122 2947 et

1207 1192 1428 1248 pulpas
1483 1190 1655 1246 pasci
1702 1194 1957 1245 possunt

1208 1251 1283 1295 vel
1315 1250 1560 1306 possint
1601 1255 1787 1305 praeter
1816 1250 1956 1305 paris.

1211 1311 1288 1365 qui
1313 1310 1359 1352 si
1393 1309 1558 1364 pasti
1590 1314 1722 1352 sunt
1746 1309 1829 1361 (010
1850 1322 1957 1364 „po-

1210 1371 1342 1412 sunt“
1379 1374 1426 1411 et
1462 1371 1619 1419 „sunt“
1660 1366 1850 1411 confusa
1883 1380 1955 1422 ap.

1211 1427 1376 1472 Catull.
1416 1428 1483 1478 16,
1502 1428 1576 1481 S).
1613 1427 1718 1483 qnia
1751 1427 1796 1470 in
1829 1430 1859 1477 β
1891 1440 1958 1470 ex

1210 1499 1294 1542 pro
1345 1491 1401 1530 et
1450 1492 1497 1530 01
1543 1486 1691 1530 Varro
1736 1487 1778 1535 3,
1815 1485 1883 1536 14,
1916 1486 1956 1529 5.

1212 1546 1315 1590 0011.
1358 1545 1473 1589 Plin.
1517 1547 1558 1596 9,
1605 1545 1702 1588 174.
1755 1557 1869 1600 sapa
1912 1550 1959 1588 et

1211 1604 1281 1648 fai
1284 1618 1330 1648 re
1350 1605 1530 1648 cocleas
1544 1604 1709 1659 pascit,
1726 1617 1810 1659 pro
1824 1604 1958 1647 Hum.

1211 1678 1277 1708 ex
1310 1664 1474 1719 pulte
1506 1663 1668 1719 pasci
1700 1667 1960 1718 possunt

1211 1720 1308 1767 01111
1350 1723 1528 1778 pulpa
1575 1735 1717 1777 sapa
1764 1722 1959 1765 cibari

1209 1796 1261 1838 p.
1299 1795 1415 1837 quae
1449 1782 1590 1837 pulpa
1622 1781 1835 1825 breviore
1869 1780 1959 1825 for-

1210 1854 1285 1884 ma
1318 1841 1378 1884 sit
1410 1841 1434 1883 i.
1469 1855 1509 1896 q.
1554 1841 1815 1896 pulpamen,
1858 1840 1957 1896 pul-

1211 1905 1477 1956 pamentum
1520 1900 1593 1944 vel
1626 1899 1852 1954 pulticula
1885 1899 1959 1943 vel

1211 1959 1380 2015 pollen.
1415 1958 1626 2002 hodierni
1655 1958 1959 2003 Graecilacte

1212 2025 1259 2063 et
1322 2017 1470 2060 farina
1532 2019 1687 2061 tritica
1729 2017 1958 2072 saginant,

1213 2078 1365 2122 Seren.
1410 2077 1592 2121 Samon.
1638 2077 1738 2120 535.
1772 2075 1958 2120 furfure.

1212 2137 1394 2180 -Iac
1425 2136 1770 2192 siligineum
1814 2149 1847 2178 0.
1883 2135 1959 2178 01-

1211 2196 1433 2251 lignum
1467 2201 1538 2239 est
1571 2194 1785 2250 siliginea
1812 2193 1961 2237 farina

1210 2255 1430 2298 nutritum
1477 2258 1523 2298 01
1558 2255 1765 2297 mixtum.
1798 2253 1858 2296 ad
1890 2266 1956 2296 ar-

1211 2321 1304 2357 tem
1339 2312 1566 2369 coquendi
1599 2311 1654 2356 cf.
1692 2312 1844 2355 Seren.
1880 2311 1959 2356 Sa-

1212 2373 1465 2416 mon-319.
1504 2385 1611 2424 „seu
1644 2370 1860 2414 cochleas
1881 2384 1959 2414 un-

1213 2432 1283 2475 dis
1329 2430 1580 2474 calefactas
1623 2443 1678 2473 ac
1718 2430 1863 2485 probe
1895 2431 1960 2473 in-

1213 2495 1374 2534 unctas
1393 2490 1645 2545 suppositis
1660 2494 1839 2534 torrens
1855 2502 1960 2544 pru-

1212 2550 1281 2593 nis
1328 2550 1528 2604 vinoque
1570 2561 1777 2605 garoque
1808 2546 1960 2602 perfu-

1212 2621 1287 2652 sas
1321 2621 1448 2663 cape,
1482 2608 1566 2652 sed
1597 2607 1790 2663 prodest
1813 2607 1960 2662 magis

1212 2681 1314 2712 esse
1346 2667 1589 2718 marinas“,
1632 2671 1684 2710 ut
1726 2666 1834 2720 lego
1874 2679 1958 2720 pro

1216 2740 1387 2782 „prope
1405 2727 1611 2769 iunctas“
1646 2725 1721 2769 vel
1756 2725 1959 2779 „pr.vic-

1212 2788 1331 2836 tas“,
1381 2790 1429 2830 et
1474 2783 1672 2828 Marcell.
1722 2783 1854 2838 Emp.
1888 2783 1959 2826 20.

1212 2859 1255 2900 p.
1293 2844 1389 2887 114.
1424 2857 1464 2887 a.
1500 2844 1571 2888 ed.
1604 2843 1718 2886 Ald.
1763 2846 1958 2894 „stoma-

1213 2903 1299 2947 cho
1348 2903 1579 2947 laboranti
1627 2901 1813 2946 cocleae
1854 2914 1959 2956 pro-
