2066 3276
313 238 386 295 44
841 236 941 285 Lib.
973 236 1029 284 11.
1093 237 1353 296 Sarcoptes

315 373 440 427 dum
488 374 663 427 locum
709 371 911 425 habent
974 371 1042 425 de
1095 371 1342 436 fasianiS,
1395 370 1519 424 item
1568 369 1775 424 tertium
1826 369 1901 422 lo-

312 447 644 514 tantundem‚
698 463 872 514 aquae
924 446 1016 499 VI.
1060 446 1198 499 mitis
1257 450 1309 499 et
1351 444 1421 497 ad
1460 461 1717 513 vaporem
1761 444 1902 511 ignis

312 538 499 592 poneS.

425 597 511 648 48.
573 593 860 648 Isicium
901 594 1226 661 simplex:
1295 591 1365 645 ad
1404 607 1565 644 unum
1603 590 1903 659 liquaminis

313 670 650 724 acetabulum
690 684 863 735 aquae
903 673 1109 736 septem
1149 666 1342 733 11111100,
1390 665 1658 719 modicum
1698 665 1789 741 api
1828 665 1900 717 vi-

312 743 459 811 ridis,
513 743 620 795 triti
667 742 869 811 piperis
923 742 1185 795 cocleare.
1235 741 1440 794 isiciola
1481 738 1797 806 concoques‘.
1855 743 1907 792 et

313 818 358 871 si
410 818 481 872 ad
532 822 771 871 ventrem
826 815 1139 870 solvendum
1192 815 1362 882 dabis,
1417 813 1703 881 hidrogaro
1758 813 1904 866 feces

314 892 513 946 conditi
552 891 740 945 addes,

424 968 512 1022 49.
567 965 790 1019 Isicia
842 964 922 1018 de
980 981 1157 1032 pavo
1211 963 1437 1031 primum
1476 962 1654 1015 locum
1705 960 1907 1016 habent

312 1039 387 1096 ita
413 1040 459 1094 si
497 1040 653 1095 fricta
704 1039 849 1106 fiunt,
905 1044 961 1092 ut
1014 1039 1207 1092 callum
1258 1038 1487 1092 vincant.
1542 1037 1671 1091 item
1719 1053 1905 1091 secun-

313 1203 424 1249 item
455 1216 541 1259 pro
578 1202 775 1259 ..pullis“
803 1202 989 1247 habent.
1011 1228 1065 1233 —

313 1274 508 1319 aquae
549 1262 640 1310 XI.
685 1263 820 1307 codd.
866 1262 945 1318 qui
986 1276 1065 1306 nu-

314 1335 467 1367 merus
484 1322 593 1366 item
614 1321 832 1366 confusus
852 1323 948 1365 151.
964 1322 1064 1366 384.

316 1381 452 1427 Orell.
487 1382 697 1437 Inscript.
735 1382 834 1425 245.
870 1406 924 1413 —
965 1381 1066 1425 mi-

313 1442 397 1485 tis
438 1441 466 1483 i.
502 1454 539 1485 e.
574 1441 762 1495 mitigas
794 1440 946 1494 melle,
989 1439 1067 1485 de-

313 1499 469 1551 fricto,
512 1514 605 1545 non
647 1501 789 1545 semel
834 1514 947 1546 corr.
982 1513 1067 1556 pro

312 1559 530 1604 mittis.
567 1586 621 1592 -
656 1561 842 1604 codices
872 1561 1069 1616 iungunt

314 1632 503 1676 pones
535 1619 788 1663 isicium.

403 1678 465 1721 ad
505 1678 576 1722 48.
642 1679 909 1731 coclear,
972 1693 1067 1723 co-

315 1737 529 1789 cleare,
551 1738 907 1784 coclearium
925 1738 1065 1783 codd.

313 1801 361 1841 et
396 1797 492 1840 105.
531 1797 630 1841 145.
678 1799 901 1843 coclearis
943 1812 1068 1842 men-

312 1868 435 1907 sura,
468 1856 585 1900 Plin.
621 1858 692 1908 21,
731 1859 827 1901 172.
853 1883 904 1888 --
941 1871 1066 1902 0011-

314 1929 541 1971 coques
590 1929 692 1960 cum
742 1930 797 1961 00
846 1917 944 1961 11110
992 1930 1066 1961 co-

313 1987 427 2030 ques
469 1989 584 2020 corr.
629 1989 714 2031 pro
761 1977 1064 2032 incoques.

311 2034 361 2078 id
397 2047 505 2078 con
533 2035 643 2079 olim
666 2036 957 2080 scribebatur
989 2049 1065 2087 cn,

311 2093 434 2138 unde
465 2094 644 2146 vitium,
677 2094 744 2138 sic
765 2095 939 2150 passim
973 2095 1066 2147 „in-

312 2151 463 2196 feres“
497 2157 570 2197 est
602 2152 886 2205 „conferes“.
923 2179 974 2184 —
1016 2155 1067 2198 si

311 2225 397 2267 pro
430 2212 517 2255 sic
550 2225 664 2255 corr.
699 2213 861 2257 Lister.
893 2238 938 2242 —-
966 2227 1066 2268 -pe-

313 2283 410 2314 000
439 2271 487 2325 γζ
510 2271 581 2315 011.
605 2285 671 2326 pr.
699 2273 784 2325 (sic
805 2272 925 2315 male
950 2285 1007 2327 „p
1023 2285 1066 2315 e-

313 2329 445 2373 cula‘·
493 2342 568 2385 ap.
613 2330 729 2374 Plin.
774 2331 877 2374 Val.
922 2331 964 2382 2,
995 2331 1066 2387 455.

311 2386 392 2432 fol.
447 2389 543 2433 189.
593 2401 633 2432 a.
684 2393 732 2433 et
778 2392 821 2440 3,
872 2391 942 2433 19.
985 2388 1064 2433 fol.

312 2446 411 2490 194.
456 2447 500 2491 b.
545 2448 618 2492 ed.
659 2448 772 2491 Ald.
805 2448 961 2504 picula
991 2461 1064 2503 ap.

312 2505 482 2560 Veget.
516 2507 558 2557 3,
590 2506 664 2550 46.
701 2509 740 2558 1,
775 2510 845 2558 11,
875 2508 914 2551 7.
933 2507 975 2558 5,
994 2508 1064 2559 69,

311 2565 351 2608 5.
372 2569 420 2608 01
437 2565 567 2618 alibi)
592 2564 616 2607 f
621 2578 650 2608 a
664 2566 749 2610 cie
763 2579 785 2610 0
822 2567 923 2610 0011.
943 2565 1064 2609 1111111.

311 2623 521 2679 (volebat
551 2622 770 2676 faeces,
804 2638 922 2681 quae
957 2626 1066 2668 scri-

309 2682 451 2727 bendi
467 2683 587 2727 ratio
609 2688 834 2738 praestat,
854 2683 1064 2728 Hildebr.

309 2741 371 2785 ad
401 2740 547 2797 Apul.
569 2744 608 2785 1.
641 2755 687 2797 p.
705 2742 797 2794 40.)
831 2754 966 2798 quam
985 2756 1065 2786 vo-

311 2813 409 2844 cem
455 2814 549 2844 non
605 2800 883 2857 intellegens
929 2801 1063 2844 Hum.

311 2859 449 2907 offert
535 2859 700 2906 sales
778 2860 1064 2905 conditos

1158 1203 1319 1259 quales
1360 1208 1395 1256 ᾖ.
1430 1203 1500 1246 29.
1540 1202 1774 1248 habemus.
1815 1216 1906 1248 me-

1158 1264 1309 1308 dicum
1329 1268 1514 1319 praeter
1544 1264 1770 1308 medicum
1788 1263 1905 1308 Cels.

1159 1325 1200 1374 2,
1223 1324 1292 1366 33.
1322 1324 1502 1378 „pulvis
1526 1336 1580 1367 ex
1603 1323 1703 1367 fece
1716 1324 1847 1367 vinr‘.
1866 1324 1909 1374 4,

1158 1384 1230 1427 22.
1247 1381 1351 1433 „fex
1369 1383 1528 1427 arida“
1553 1388 1601 1427 et
1623 1384 1665 1434 5,
1686 1384 1755 1433 18,
1777 1383 1843 1426 14.
1863 1387 1910 1427 et

1162 1442 1321 1487 Galen.
1346 1456 1550 1499 compos.
1561 1456 1650 1487 sec.
1673 1442 1777 1487 loca
1796 1444 1835 1493 1,
1867 1443 1907 1486 8.

1160 1503 1328 1547 docere
1359 1506 1611 1559 potuerunt
1641 1502 1756 1546 Plin.
1791 1502 1844 1545 Τ.
1873 1501 1907 1546 I.

1158 1576 1202 1617 p.
1238 1563 1308 1613 62,
1344 1565 1381 1606 1.
1418 1561 1553 1612 „faex
1586 1566 1773 1617 sapae⁴‘.
1805 1561 1909 1604 Pal-

1158 1621 1250 1664 lad.
1295 1622 1337 1672 2,
1384 1622 1453 1673 14,
1498 1622 1535 1665 5.
1844 1673 1847 1675 .

1160 1680 1352 1732 dulcis“,
1401 1681 1578 1725 Colum.
1629 1682 1698 1731 12,
1745 1681 1817 1730 30,
1866 1681 1908 1722 2.

1161 1738 1297 1791 „faex
1327 1740 1422 1784 vini
1443 1740 1599 1790 boni‘2,
1633 1740 1825 1783 aliorum
1844 1736 1909 1782 fe-

1160 1799 1263 1843 cula
1304 1812 1386 1843 seu
1428 1797 1577 1844 fecla“
1622 1798 1784 1854 (restit.
1818 1797 1908 1841 Ve-

1158 1863 1247 1914 get.
1281 1859 1323 1908 3,
1355 1859 1428 1910 49,
1450 1860 1495 1902 2.
1527 1871 1612 1913 pro
1650 1858 1783 1908 sleta,
1825 1856 1909 1901 Pe-

1158 1917 1348 1971 lagonio
1392 1932 1435 1973 p.
1481 1917 1550 1961 54.
1596 1918 1664 1960 66.
1708 1917 1783 1966 86,
1822 1929 1907 1971 pro

1158 1976 1300 2028 feda),
1315 1977 1436 2021 unde
1468 1977 1748 2021 recentiores
1769 1975 1909 2020 Grae·

1159 2037 1199 2080 ci
1232 2038 1357 2088 φέκλη
1390 2035 1613 2087 fecerunt,
1636 2042 1688 2080 ut
1714 2034 1909 2078 Trallia-

1157 2109 1243 2139 nus
1276 2096 1352 2151 qui
1377 2096 1568 2151 exponit
1588 2098 1762 2150 τρυγίαν
1785 2096 1908 2134 οἴνου

1156 2157 1431 2206 κεκαυμένην,
1476 2155 1699 2198 siccatam
1732 2157 1780 2197 et
1814 2166 1908 2197 cre-

1156 2217 1330 2256 matam
1362 2214 1478 2256 Plin.
1516 2213 1585 2264 14,
1621 2214 1718 2256 131.
1748 2213 1819 2263 23,
1837 2212 1908 2255 63.

1158 2271 1332 2316 Paulus
1365 2271 1603 2328 Aegineta
1636 2272 1804 2324 σφέκλη.
1838 2275 1910 2314 001

1158 2331 1373 2375 officinae
1416 2336 1639 2374 tartarum
1670 2334 1829 2375 ustum
1861 2333 1909 2373 et

1158 2389 1452 2441 calcinatum,
1479 2390 1760 2445 gebrannter
1772 2389 1908 2432 wein-

1161 2449 1295 2499 stein,
1327 2449 1679 2493 weinsteinsalz.

1246 2508 1305 2551 ad
1325 2507 1396 2551 49.
1430 2507 1588 2551 fiant
1610 2507 1680 2551 ed.
1705 2520 1772 2562 pr.
1795 2504 1907 2550 fue-

1164 2566 1245 2625 rit
1276 2571 1353 2617 βπ.
1388 2565 1617 2611 fuerint
1657 2567 1790 2609 Hum.
1824 2563 1908 2608 sed

1159 2624 1356 2678 „fricta“
1404 2626 1637 2670 ablativus
1684 2629 1755 2669 est
1801 2622 1907 2667 sub-

1155 2684 1348 2728 stantivi
1380 2685 1515 2739 quale
1548 2688 1620 2728 est
1648 2687 1786 2739 pasta
1803 2681 1905 2724 326.

1154 2743 1354 2797 repulsa,
1374 2742 1674 2798 deprehensa,
1701 2740 1905 2790 remissa,

1154 2802 1254 2845 ulta
1293 2814 1367 2856 ap.
1413 2801 1545 2846 Ovid.
1588 2814 1672 2855 pro
1714 2799 1904 2849 ultione.

1156 2861 1371 2916 exposita
1401 2861 1446 2904 in
1475 2858 1646 2904 Codice
1670 2858 1902 2902 Theodos.

1587 1620 1769 1672 „faeces
1815 1620 1910 1664 vini
1970 1671 1973 1673 ,
