2066 3276
782 248 880 291 Lib.
905 247 1006 291 V11.
1052 247 1288 291 Politeles.

1707 249 1808 301 147

332 380 456 432 299.
516 380 683 433 Teres
723 380 891 449 piper,
931 378 1193 432 suffundis
1234 379 1519 446 liquamen,
1572 395 1808 447 passum,

220 469 436 506 merum.
491 454 770 522 pulmones
800 453 1096 523 conpungis
1139 458 1190 505 ct
1227 452 1331 506 hoc
1375 468 1648 520 oenogaro
1690 470 1810 521 per-

219 526 414 579 fundis,

331 601 455 652 300.
518 600 770 654 Dulcia
811 599 1234 653 domestica:
1277 599 1541 667 palmulas
1569 598 1657 651 vel
1684 597 1809 651 dac·

218 674 340 727 tilos
382 673 455 744 [et
494 672 689 745 copto]‚
731 674 951 740 semine,
993 690 1130 726 nuce
1170 674 1258 726 vel
1298 674 1518 739 11110Ιο18,
1558 673 1681 741 11101,
1731 672 1810 740 pi-

220 800 453 860 significat
513 805 664 858 „sed“.
716 830 771 836 -
830 818 963 848 con-

220 862 443 919 fringis
475 877 559 919 pro
592 861 722 907 infr.
758 877 965 908 0011.οΧ

222 922 320 965 124.
357 923 456 966 132.
494 924 589 966 134.
626 922 723 965 135.
746 922 842 966 140.
862 923 963 967 434.

220 981 280 1024 al.
335 1006 386 1011 ——
443 981 551 1025 dua
602 979 686 1036 ,8γὸ
726 995 810 1037 pro
855 982 964 1026 duo

222 1039 322 1083 141.
358 1065 408 1069 —-
450 1040 702 1084 similam
735 1054 846 1085 0011-
882 1055 966 1097 pro

220 1099 393 1143 simul
426 1112 481 1144 ex
513 1100 613 1144 305.
650 1125 703 1132 —-
735 1101 968 1145 nonnullis

221 1158 402 1203 omissis
428 1159 548 1204 inter
564 1164 809 1215 utrumque
845 1160 971 1216 „pul-

220 1220 412 1262 mones“
469 1232 550 1263 sex
607 1219 742 1264 codd.
801 1219 973 1264 habent

222 1277 422 1332 inples
455 1279 739 1334 pulmones
772 1284 971 1324 010011-

222 1335 456 1392 fringis.
508 1363 557 1368 —-
614 1338 815 1393 inples
870 1352 972 1394 per-

222 1394 376 1439 fundis
418 1397 500 1440 illa
540 1397 762 1453 impensa,
803 1398 883 1442 ubi
917 1411 972 1441 ea

222 1467 374 1498 massa
397 1461 532 1500 cocta
549 1462 634 1508 est⁷
666 1458 854 1512 insuper
870 1471 971 1513 per-

222 1512 429 1558 funditur
461 1529 696 1572 oenogaro
721 1517 968 1572 descripto.

225 1587 380 1628 —pro
415 1573 758 1631 confringis
791 1575 967 1620 emend.

224 1635 555 1690 conpungis
614 1648 671 1678 ex
717 1636 816 1679 301.
867 1635 967 1678 320.

224 1690 281 1735 cf.
315 1698 363 1736 et
395 1694 493 1736 256.

311 1751 373 1794 ad
414 1753 516 1797 300.
578 1753 648 1796 Ea
696 1752 850 1796 dulcia
893 1751 971 1795 diu

222 1809 332 1853 mihi
365 1816 497 1854 erant
516 1813 816 1856 amarissima.
853 1811 970 1854 dul-

224 1869 311 1913 cia
344 1883 445 1913 esse
484 1872 722 1924 μελίπηκτα
765 1871 968 1926 (Lucian.

222 1927 357 1971 Asin.
390 1930 460 1972 46.
509 1929 685 1974 Athen.
718 1931 761 1980 4,
797 1931 865 1973 72.
906 1929 971 1979 14,

221 1986 327 2041 49.>,
357 1990 491 2041 μέλιτι
524 1987 767 2042 δεδευμένα,
799 1987 970 2041 μελιτώ,

221 2062 333 2099 ματα
347 2051 612 2101 πεπεμμένα,
630 2049 690 2092 ad
709 2061 827 2104 quae
842 2060 973 2102 prae-

223 2106 382 2149 sertim
431 2113 544 2153 σταῖς
590 2107 740 2151 farina
791 2107 974 2151 triticea

224 2164 522 2210 adhiberetur
575 2179 786 2223 quaeque
838 2166 974 2210 melle

224 2236 414 2278 asperso
434 2231 722 2270 sumerentur
756 2225 886 2278 (Ath.
908 2225 973 2275 14,

225 2283 314 2336 53),
357 2285 478 2328 unde
511 2286 688 2329 mellita
721 2285 874 2329 edulia
909 2284 974 2327 di-

226 2346 391 2385 cuntur
423 2343 626 2398 Apuleio
659 2349 767 2388 met.
804 2344 875 2394 10,
908 2344 974 2386 13.

225 2404 368 2456 atque
427 2415 455 2444 a
518 2404 694 2458 pistore
749 2402 975 2446 dulciario

228 2459 427 2515 (Becker
475 2460 594 2505 Gall.
642 2462 720 2504 III.
766 2475 808 2516 p.
855 2461 975 2513 200.)

228 2519 567 2575 πλακουνταρίου
587 2520 742 2576 (Salm.
766 2520 827 2563 ad
846 2522 977 2563 Lam-

226 2578 346 2633 prid.
379 2579 563 2635 Heliog.
596 2581 672 2634 32)
705 2581 751 2623 in
784 2579 976 2635 globum

228 2650 309 2681 seu
333 2638 537 2693 glomum
559 2638 865 2690 conformata,
899 2652 978 2682 un-

229 2696 287 2740 de
319 2698 500 2753 globuli
533 2698 749 2742 dicuntur
780 2711 807 2741 a
841 2698 978 2742 Cato-

228 2769 283 2799 ne
335 2758 401 2800 79.
458 2757 581 2801 Varr.
631 2759 680 2800 L.
729 2759 778 2800 L.
823 2758 865 2809 5,
908 2759 979 2801 22.

228 2819 266 2867 ξ.
289 2816 388 2860 107.
415 2816 660 2873 σφαιροειδῆ
693 2822 893 2871 πέμματα
921 2817 980 2860 ab

229 2874 403 2921 Athen.
444 2877 512 2928 14,
545 2878 614 2920 56.
651 2877 756 2921 coll.
777 2878 833 2921 53
851 2890 980 2932 seqq.

1056 804 1135 859 (ad
1153 805 1270 856 ²268).
1302 808 1464 848 notum
1487 808 1560 849 est
1592 804 1666 858 (cf.
1688 805 1808 846 Lan-

1056 864 1161 908 zoni
1195 863 1310 918 Opp.
1355 863 1433 906 III.
1478 876 1524 918 p.
1557 863 1645 906 325
1677 875 1808 918 seqq.

1057 923 1331 966 minusvero
1363 935 1442 966 cur
1475 922 1811 966 domestica

1057 982 1297 1025 nominata
1320 981 1426 1025 sint.
1446 981 1686 1025 tentabam
1721 980 1811 1024 da-

1058 1041 1321 1084 mascica
1378 1053 1460 1084 seu
1516 1040 1810 1091 damascena.

1060 1100 1135 1145 vel
1178 1099 1356 1144 formae
1398 1099 1626 1156 globosae
1659 1099 1813 1155 gratia

1057 1160 1421 1216 glomerata,
1460 1158 1534 1203 vel
1567 1158 1812 1203 donati-

1065 1231 1129 1263 ca
1161 1232 1217 1262 ex
1256 1219 1378 1263 Fest.
1422 1232 1465 1274 p.
1500 1218 1572 1263 69.
1606 1217 1707 1269 201,
1741 1218 1810 1262 28.

1062 1284 1231 1334 postea
1282 1278 1467 1322 codices
1514 1281 1703 1321 secutus
1748 1277 1813 1320 in,

1063 1337 1356 1393 terpretabar
1397 1350 1481 1393 per
1524 1350 1698 1393 coquos
1731 1336 1814 1381 do-

1063 1397 1295 1449 mesticos,
1345 1396 1687 1440 domesticatim
1734 1409 1814 1452 ap-

1062 1462 1243 1512 parata,
1284 1456 1540 1500 domestice
1585 1454 1813 1507 confecta,

1061 1516 1259 1571 privata,
1307 1515 1570 1564 vernacula,
1616 1514 1814 1570 hausge-

1061 1574 1310 1625 backeneS‚
1340 1574 1679 1618 domicoenium
1696 1574 1814 1617 Mar-

1061 1634 1201 1684 tialis,
1241 1638 1292 1676 ut
1324 1633 1398 1677 vel
1432 1633 1704 1688 alienigenis
1738 1645 1814 1676 ex-

1062 1693 1300 1748 ternisque
1325 1697 1623 1749 opponantur
1639 1692 1713 1736 vel
1732 1705 1815 1747 pu-

1061 1752 1195 1796 blicis
1229 1756 1277 1795 et
1307 1752 1351 1795 in
1386 1752 1528 1795 sacris
1549 1751 1815 1802 offerendis,

1063 1825 1119 1855 ex
1153 1812 1277 1855 Fest.
1320 1825 1364 1867 p.
1398 1812 1467 1854 98.
1518 1810 1727 1866 „glomus
1769 1811 1815 1853 in

1064 1870 1208 1914 sacris
1241 1871 1493 1914 crustulum
1528 1866 1817 1927 cymbifigu-

1063 1942 1115 1973 ra
1147 1943 1202 1973 ex
1237 1930 1342 1974 oleo
1387 1935 1567 1974 coctum
1606 1929 1812 1983 appella-

1064 1993 1183 2037 tur“,
1219 1989 1276 2032 de
1310 2002 1401 2045 quo
1435 2002 1605 2044 genere
1639 1987 1694 2031 cf.
1729 1988 1818 2030 Lo-

1064 2048 1186 2093 beck
1205 2048 1442 2104 Aglaoph.
1470 2062 1514 2103 p.
1538 2047 1667 2091 1060.
1686 2060 1816 2102 seqq.

1065 2120 1186 2150 nunc
1244 2107 1354 2150 mihi
1417 2111 1525 2151 suut
1586 2105 1818 2159 οἷκητήρια,

1069 2164 1405 2218 οῖκὸὸιαιτητικά,
1439 2166 1605 2221 quibus
1636 2165 1818 2209 medico

1066 2239 1158 2269 non
1191 2226 1425 2270 advocat-o
1451 2225 1594 2276 domi,
1624 2238 1709 2279 pro
1729 2237 1821 2267 me-

1067 2285 1330 2329 dicamento
1394 2284 1496 2328 usui
1560 2283 1820 2327 domestico

1068 2344 1304 2387 destinato
1323 2347 1579 2393 uterentur,
1598 2342 1667 2385 als
1684 2341 1821 2385 haus-

1067 2402 1232 2446 mittel.
1269 2427 1321 2433 —-
1354 2401 1667 2458 palmulas
1701 2401 1821 2444 acci-

1066 2462 1180 2517 pies.
1218 2486 1271 2490 ---
1317 2462 1425 2517 quia
1469 2460 1538 2505 ed.
1580 2474 1647 2515 pr.
1681 2461 1822 2503 istum

1068 2533 1335 2576 perversum
1380 2524 1646 2564 contextum
1680 2518 1824 2563 habet

1069 2579 1364 2636 palmulas
1408 2579 1498 2624 vel
1536 2578 1823 2635 dactylos

1070 2644 1128 2683 et
1174 2637 1470 2682 infarcies
1518 2638 1682 2682 sales
1736 2635 1824 2680 fo-

1070 2699 1152 2741 ris
1186 2698 1500 2754 contingis
1545 2702 1603 2741 et
1645 2701 1823 2751 cepto

1071 2759 1292 2802 semine
1354 2770 1500 2801 nuce
1563 2755 1659 2800 vel
1722 2768 1824 2799 nu-

1074 2817 1224 2861 cleis
1264 2816 1366 2860 vel
1406 2817 1578 2871 piper
1617 2814 1825 2857 tritum

1076 2876 1460 2931 [cimparties.
1489 2874 1653 2918 sales
1677 2872 1826 2917 foris
