2066 3276
675 228 776 282 Lib.
808 227 866 272 x,
927 226 1095 272 Auens
1126 200 1314 271 libatus.
1670 227 1775 280 201

288 365 418 418 467.
459 364 572 415 Ius
611 362 680 415 in
718 362 1040 415 lacertos
1080 359 1342 414 elixos:
1382 358 1555 428 piper,
1593 356 1781 425 ligisti-

180 457 317 506 cum,
361 437 628 503 ciminum,
670 440 845 488 rutam
878 433 1123 501 viridem,
1151 449 1361 502 cepam,
1387 432 1511 498 mel,
1551 436 1778 499 acetum,

178 514 451 581 liquamen
495 510 671 564 oleum
700 508 935 567 modice.
959 524 1078 562 cum
1095 507 1342 574 bullierit‚
1363 506 1539 559 amolo
1554 505 1780 571 obligas.

292 571 418 639 488.
473 584 593 636 Ius
632 583 701 636 in
751 583 953 654 pisce
1004 598 1196 635 asso:
1249 581 1421 649 piper,
1478 578 1783 646 ligisticum,

179 661 383 726 timum,
426 656 764 711 coriandrum
804 655 992 722 viride,
1033 656 1157 722 mel,
1209 661 1438 721 acetum,
1494 653 1784 722 liquamen,

181 735 381 800 vinum,
423 732 618 798 oleum,
662 730 966 784 defrictum.
1009 728 1299 784 calefacies
1340 733 1393 782 et
1430 726 1662 795 agitabis
1699 743 1785 779 rn-

183 814 273 861 tae
312 805 527 859 surculo
560 811 615 859 et
652 804 922 871 obligabis
963 803 1158 857 amolo.

293 881 421 932 469.
477 880 594 932 Ius
645 878 715 930 in
766 877 990 930 tinno:
1047 879 1223 948 piper,
1265 875 1532 942 ciminum,
1582 873 1785 941 timum,

184 954 546 1020 coriandrum,
613 968 821 1020 cepam,
891 968 1051 1003 uvam
1090 966 1325 1021 passam,
1379 953 1608 1014 acetum,
1661 948 1786 1015 mel,

182 1028 380 1093 vinum,
415 1028 703 1093 liquamen,
732 1025 926 1078 oleum.
958 1024 1249 1078 calefacies
1278 1028 1331 1077 et
1356 1023 1532 1075 amolo
1561 1022 1787 1089 obligas,

296 1102 423 1153 470.
491 1101 613 1152 Ius
652 1099 717 1151 in
757 1099 954 1151 tinno
997 1099 1221 1152 elixo:
1274 1096 1447 1167 piper,
1500 1096 1789 1163 ligisticum

185 1175 386 1241 timum,
430 1173 849 1259 condimentum,
905 1172 1215 1239 hortariam,
1250 1187 1459 1239 cepam,
1512 1170 1789 1238 cariotam,

186 1249 309 1315 mel,
350 1253 578 1314 acetum,
619 1248 892 1314 liquamen
934 1252 988 1299 et
1028 1247 1202 1299 oleum
1246 1250 1299 1299 et
1338 1261 1558 1312 senape.

300 1323 426 1374 471.
469 1322 586 1373 lus
626 1321 694 1373 in
734 1320 1023 1374 dentice
1051 1336 1242 1373 asso:
1283 1319 1455 1388 piper,
1486 1317 1791 1385 ligisticum,

189 1396 547 1462 coriandrum,
589 1400 841 1460 mentam,
896 1401 1066 1446 rutam
1121 1394 1345 1461 aridam,
1398 1392 1594 1445 malum
1648 1391 1793 1445 cido·

188 1470 350 1537 nium,
393 1475 604 1523 coctum
644 1469 767 1534 mel,
821 1468 1018 1536 vinum,
1067 1467 1363 1535 liquamen,
1408 1467 1598 1520 oleum.
1649 1466 1795 1520 cale-

187 1542 359 1596 facies
400 1548 453 1596 et
492 1543 668 1595 amolo
710 1542 991 1609 obligabis,

300 1617 429 1670 472.
490 1617 606 1669 Ius
644 1617 712 1668 in
755 1616 1039 1670 dentice
1080 1616 1299 1669 elixo:
1347 1613 1520 1685 piper,
1563 1619 1796 1681 anetum,

194 1689 465 1756 ciminum,
504 1691 707 1756 timum,
749 1696 1001 1756 mentam,
1042 1694 1215 1743 rutam
1253 1688 1496 1755 viridem,
1522 1689 1646 1756 mel,
1672 1704 1797 1741 ace-

192 1770 321 1829 tum,
363 1765 651 1830 liquamen,
692 1764 890 1831 vinum,
933 1765 1109 1817 oleum
1150 1763 1380 1817 modice.
1411 1762 1703 1817 calefacies
1743 1767 1802 1816 et

193 1837 371 1889 amolo
414 1838 699 1904 obligabis.

306 1912 434 1963 473.
476 1912 602 1982 lus⁴
630 1913 699 1963 in
738 1912 937 1981 pisce
978 1917 1255 1965 aurata:
1289 1911 1463 1980 piper,
1490 1910 1799 1978 ligisticum,

194 2000 430 2051 careum,
484 1985 781 2054 origanum,
835 1991 987 2040 rutae
1043 1988 1251 2053 bacam,
1303 1990 1556 2052 mentam,
1609 1985 1800 2038 mirtae

195 2059 403 2124 bacam,
448 2059 535 2110 ovi
576 2059 833 2128 vitellum,
887 2061 1011 2127 mel,
1066 2067 1295 2127 acetum,
1351 2060 1543 2127 oleum,
1598 2059 1799 2128 vinum,

190 2131 479 2199 liquamen.
524 2133 813 2188 calefacies
854 2140 907 2188 et
945 2135 1023 2189 sic
1063 2135 1243 2189 uteriS.

304 2207 431 2258 474.
476 2208 591 2259 Ius
631 2208 697 2259 in
738 2209 939 2277 pisce
981 2215 1230 2262 aurata
1269 2224 1456 2261 assa:
1498 2208 1669 2276 piper,
1712 2223 1800 2261 co-

190 2279 480 2347 riandrum,
510 2287 746 2334 mentam
774 2282 998 2351 aridam,
1039 2284 1129 2354 api
1158 2299 1361 2349 semen,
1407 2299 1616 2351 cepam,
1643 2298 1802 2334 uvam

193 2370 430 2423 passam,
471 2356 595 2422 mel,
637 2361 868 2423 acetum,
911 2358 1108 2424 vinum,
1150 2358 1440 2424 liquamen,
1484 2357 1679 2414 oleum.

163 2455 167 2458 ⁴
303 2430 428 2481 475.
472 2431 586 2481 Ius
627 2430 692 2482 in
737 2432 1128 2502 scorpione
1170 2431 1389 2485 elixo:
1431 2432 1605 2502 piper,
1650 2447 1803 2484 care-

296 2531 366 2598 ad·
404 2531 505 2574 467.
579 2533 787 2578 lacert.
856 2535 953 2578 141.
1137 2534 1198 2579 ad
1228 2535 1332 2579 469.
1366 2533 1591 2592 thynno
1625 2535 1698 2580 ed.
1730 2549 1803 2591 pr.

193 2588 401 2634 Ockenio
442 2589 506 2634 VI
524 2605 568 2647 p.
597 2594 696 2636 190.
716 2598 790 2638 est
806 2607 955 2639 scom-
1046 2594 1102 2638 Η.
1137 2595 1435 2651 liquamen
1468 2595 1603 2639 deest
1629 2595 1675 2639 in
1702 2609 1802 2639 sex.

192 2648 274 2693 ber
307 2648 567 2702 trachurus‚
600 2652 805 2697 stoeker.
1135 2655 1197 2699 ad
1242 2654 1345 2698 470.
1421 2654 1805 2699 condimenta

184 2718 189 2721 “
237 2767 247 2776 ·
281 2709 344 2751 ad
374 2709 476 2752 468.
511 2712 710 2756 azitabis
745 2713 777 2760 ζ.
811 2714 956 2756 zita-
1045 2714 1484 2759 mortariacodd.
1500 2727 1616 2759 corr.
1634 2714 1804 2760 ὠσὶ-24.

192 2766 284 2811 bis
324 2767 409 2823 βγὸ
464 2770 537 2814 ed.
581 2784 649 2827 pr.
696 2772 864 2817 lacuna
908 2773 957 2820 in
1135 2774 1198 2819 ad
1248 2773 1350 2818 471.
1411 2778 1646 2819 coctum
1692 2775 1801 2820 mel

197 2830 264 2872 θκ.
296 2840 426 2896 ramo
461 2835 594 2875 rutae
626 2833 812 2889 agitare
845 2833 873 2876 i.
909 2846 952 2888 q.
1044 2834 1150 2879 434.
1183 2835 1279 2879 vel
1310 2835 1356 2879 in
1390 2834 1608 2891 quinque.

192 2884 419 2933 fasciculo
454 2889 550 2932 141.
1135 2894 1197 2937 ad
1241 2894 1344 2938 472.
1388 2908 1478 2939 om.
1521 2894 1597 2941 ed.
1639 2907 1709 2949 pr.
1754 2898 1808 2938 et

238 2966 278 2999 O.
302 2968 458 3008 Apicius
482 2971 537 3001 ed.
565 2969 723 3002 Schuch.
1535 2984 1591 3028 14
