2066 3276
298 237 367 289 86
825 236 926 282 Lib.
951 236 1028 282 IV.
1077 236 1351 284 Pandectes

414 372 533 424 154.
595 371 839 425 Pisces
878 372 1103 425 frixos
1158 372 1515 439 cuiuscunque
1555 373 1765 440 generis
1806 374 1882 427 sic

295 446 493 501 facies:
546 451 686 499 teres
738 446 909 515 piper,
963 446 1227 500 coriandri
1268 463 1465 512 semen,
1520 447 1706 500 lasaris
1746 448 1882 500 radi-

298 539 430 587 cem,
474 520 765 587 origanum,
806 526 993 586 rutam,
1039 521 1307 586 cariotam,
1350 520 1622 573 suffundes
1657 526 1881 588 acetum,

299 597 489 661 oleum,
549 595 835 661 liquamen,
896 595 1098 648 adicies
1160 593 1451 647 defrictum.
1516 595 1650 648 haec
1710 596 1886 648 omnia

297 669 620 737 temperabis
663 673 715 720 et
752 668 805 720 in
844 670 1185 722 caccabulum
1218 669 1391 722 mittes
1428 673 1479 721 et
1505 668 1723 723 ferveat.
1767 687 1883 722 cum

298 742 627 808 calefeceriS,
671 741 889 796 eosdem
922 743 1100 811 pisces
1135 742 1493 811 superfundes
1552 760 1773 811 asparso
1806 743 1884 813 pi-

292 834 422 886 pere
464 821 515 870 et
553 815 764 870 inferes.

410 890 530 944 155.
572 891 705 943 Item
746 891 924 959 pisces
964 889 1130 943 frixos
1171 890 1246 943 sic
1286 890 1484 943 facies:
1533 895 1673 943 teres
1713 890 1885 959 piper,

292 964 594 1032 ligisticum,
637 966 827 1018 bacam
867 965 1017 1030 lauri,
1062 964 1397 1017 coriandrum
1436 965 1703 1033 mellique,
1744 965 1884 1031 vin0,

292 1055 455 1108 passo
513 1039 600 1092 vel
660 1055 888 1091 caroeno
947 1043 1229 1107 temperas.
1294 1055 1492 1105 coques
1549 1038 1659 1105 igni
1723 1039 1883 1105 lentO,

296 1114 472 1166 amolo
515 1112 718 1166 oridiae
759 1112 967 1180 obligas
1008 1117 1060 1164 et
1097 1112 1310 1165 inferes.

409 1187 529 1240 156.
590 1186 838 1240 Pisces
880 1203 1109 1239 assos:
1171 1191 1310 1239 teres
1358 1186 1530 1253 piper,
1584 1185 1883 1252 ligisticum,

294 1262 599 1327 satureiam,
645 1277 833 1328 cepam
863 1260 1078 1326 siccam,
1115 1260 1387 1313 suffundes
1416 1264 1641 1324 acetum,
1683 1259 1886 1313 adicies

295 1335 568 1401 cariotam,
611 1339 841 1401 anetum,
886 1351 1103 1386 ovorum
1144 1334 1340 1400 vitella,
1391 1334 1511 1399 mel,
1562 1338 1786 1399 acetum,
1828 1334 1885 1385 li-

293 1426 539 1475 quamen,
605 1408 796 1475 oleum,
853 1407 1146 1461 defrictum.
1189 1407 1325 1460 haec
1384 1406 1560 1459 omnia
1615 1407 1668 1459 in
1727 1424 1885 1460 unum

291 1483 458 1535 mixta
496 1482 806 1550 perfundes

409 1556 527 1608 157.
565 1555 809 1609 Pisces
837 1556 903 1607 in
933 1556 1298 1622 eleogaro:
1328 1554 1494 1621 friges
1522 1554 1715 1622 pisces
1746 1559 1886 1606 teres

292 1630 465 1701 piper,
507 1629 808 1697 ligisticum,
850 1634 1035 1695 rutam,
1080 1628 1416 1682 condimenta
1448 1627 1656 1694 viridia,
1699 1645 1885 1697 cepam

291 1704 511 1771 siccam,
554 1703 757 1757 adicies
799 1720 866 1757 ex
907 1703 1024 1756 oleo
1066 1702 1332 1770 liquamen
1374 1707 1425 1755 et
1462 1702 1675 1756 inferes.

290 1867 451 1910 diam
503 1869 698 1921 partem,
747 1864 937 1908 dimidio
970 1865 1050 1907 mi-

291 1938 377 1970 nus
413 1938 552 1982 quam
581 1925 822 1968 cuminum.
859 1924 1051 1968 oridia

295 1997 438 2043 oryza
469 1984 540 2028 52.

382 2103 444 2147 ad
477 2101 578 2147 154.
635 2101 1050 2157 cuiuscunque

290 2175 419 2219 gen.
448 2161 546 2205 143.
583 2186 635 2190 ——
670 2161 911 2204 radices
945 2161 1047 2204 eod.

293 2220 351 2265 cf.
386 2221 455 2265 37.
496 2221 593 2263 191.
628 2220 729 2262 372.
766 2219 941 2263 Colum.
980 2221 1049 2271 12,

293 2281 365 2331 59,
383 2280 424 2323 4.
446 2293 501 2324 ex
535 2279 664 2322 cuius
686 2279 755 2329 12,
777 2279 815 2329 7,
834 2280 873 2321 4.
912 2291 1049 2333 „pau-

293 2352 372 2384 cas
421 2339 655 2382 radiculas
712 2337 875 2381 laseris
923 2337 1049 2392 quod

293 2398 461 2443 Graeci
493 2399 659 2449 σίλφιον
691 2401 864 2440 vocant
897 2396 1045 2440 adici“

294 2458 469 2501 codicis
501 2456 643 2500 lectio
665 2455 866 2500 fortasse
893 2454 1049 2499 defen-

293 2516 459 2560 denda.
510 2514 794 2559 defritum
845 2514 946 2558 cod.
994 2540 1047 2546 -

291 2580 311 2618 t
329 2573 672 2630 emperabis
704 2573 750 2615 in
781 2586 919 2616 unum
950 2573 1047 2616 155.

294 2634 396 2677 158.
441 2634 605 2676 misces
650 2631 748 2675 156.
794 2644 822 2674 a
834 2645 854 2675 s
868 2645 897 2687 p
912 2644 939 2674 a
952 2646 973 2673 r
985 2645 1006 2676 s
1021 2646 1048 2676 ο

293 2692 396 2736 cod.
462 2692 620 2747 sicque
666 2690 838 2745 passim
886 2691 974 2734 mei
1022 2704 1050 2733 a

294 2751 517 2807 simplicis
546 2754 734 2794 servant
750 2750 796 2792 in
815 2763 870 2793 eo
889 2749 1047 2800 verbo,

294 2811 417 2854 unde
452 2809 649 2860 servavi,
682 2808 803 2852 idem
828 2807 940 2852 fecit
963 2807 1049 2851 Sil-

292 2869 359 2931 lig
392 2869 436 2913 in
470 2868 585 2913 Plin.
621 2868 691 2921 20,
725 2867 793 2911 55.
838 2867 1043 2917 Hildebr.

1141 1864 1201 1907 ad
1236 1863 1377 1919 Apul.
1416 1864 1454 1906 1.
1488 1876 1532 1918 p.
1562 1863 1628 1906 18.
1658 1863 1762 1910 301.
1784 1864 1885 1908 302.

1229 1982 1289 2025 ad
1316 1982 1412 2025 155.
1447 1981 1806 2036 ligusticum
1841 1987 1888 2025 et

1140 2041 1303 2092 vinu,
1365 2053 1574 2096 passu,
1647 2054 1886 2091 carenu,

1140 2101 1332 2151 lentu,
1396 2100 1617 2150 amulo,
1690 2100 1888 2144 oridia

1142 2159 1242 2203 cod.
1278 2159 1326 2202 id
1358 2159 1428 2202 ius
1461 2172 1599 2214 super
1628 2159 1779 2214 pisces
1812 2157 1887 2201 fri—

1141 2232 1226 2262 xos
1259 2217 1468 2261 funditur
1512 2217 1608 2261 154.
1658 2219 1753 2261 156.
1790 2218 1875 2261 158

1141 2278 1264 2321 idem
1299 2275 1562 2320 faciendum
1598 2278 1692 2320 157.

1230 2336 1289 2379 ad
1325 2336 1421 2378 156.
1471 2336 1785 2391 saturegia
1818 2336 1887 2379 ci-

1141 2408 1263 2450 pam
1299 2395 1400 2438 cod.

1230 2454 1291 2497 ad
1326 2454 1422 2497 157.
1482 2454 1885 2508 inotogonon,

1141 2513 1199 2556 in
1248 2517 1512 2556 otocano
1562 2512 1662 2556 cod.
1708 2516 1756 2556 et
1790 2512 1884 2555 159.

1142 2583 1294 2615 meum
1332 2572 1653 2627 „eleogarum“
1699 2575 1771 2615 est
1806 2583 1887 2626 ga-

1140 2644 1239 2674 rum
1273 2644 1354 2675 seu
1397 2631 1627 2686 liquamen
1668 2643 1724 2674 ex
1766 2629 1883 2672 oleo.

1141 2703 1165 2733 e
1178 2703 1206 2732 x
1240 2690 1510 2744 absorptum
1530 2689 1690 2732 addidi
1709 2702 1765 2732 ex
1783 2687 1884 2731 400.

1140 2749 1206 2793 sic
1252 2749 1371 2792 enim
1422 2749 1589 2793 medici
1636 2748 1887 2802 loquuntur

1139 2809 1185 2851 in
1203 2807 1413 2851 mixturis
1434 2806 1707 2855 indicandis,
1740 2805 1886 2860 liqua-

1139 2879 1241 2911 men
1275 2866 1380 2911 oleo
1412 2867 1603 2913 mixtum
1636 2865 1736 2916 250.
