2066 3276
335 214 406 265 64
857 212 959 257 Lib.
990 213 1069 256 III.
1133 212 1356 269 Cepuros.

450 346 567 397 104.
618 345 881 397 Lactucas
935 362 1054 398 cum
1107 346 1365 414 oxiporiO,
1419 351 1571 399 aceto
1615 351 1666 399 et
1703 345 1915 398 modico

331 418 619 488 liquamine
660 418 730 470 ad
770 418 1124 485 digestionem
1153 425 1206 472 et
1242 419 1296 470 in
1333 419 1616 472 flationem.

448 493 567 544 105.
627 493 695 543 Et
751 508 819 544 ne
877 493 1118 545 lactucae
1176 492 1421 545 laedant:

1484 493 1659 545 cimini
1697 509 1818 545 unc.
1849 493 1918 545 ΙΙ.

333 565 625 632 gingiberis
674 582 793 618 unc
824 566 865 619 Ι.
919 571 1069 618 rutae
1124 566 1305 618 viridis
1358 583 1475 619 unc.
1514 567 1554 618 I.
1606 566 1920 618 dactilorum

330 639 607 709 pinguium
646 638 906 722 scripulos
946 640 1071 692 XII
1112 639 1311 707 piperis
1351 656 1469 693 unc.
1507 641 1547 693 Ι.
1589 640 1760 692 mellis
1799 656 1919 691 unc.

331 713 404 765 VI
414 714 506 767 ΙΙΙ
547 712 796 765 ciminum
829 717 1003 766 autem
1037 713 1393 781 aethiopicum
1428 719 1519 766 aut
1552 714 1798 766 siriacum
1832 717 1923 764 aut

330 786 545 839 libicum
595 786 845 839 infundes
896 787 950 838 in
991 792 1162 853 acet0,
1213 804 1331 840 cum
1372 787 1670 854 siccaverit,
1711 785 1919 839 tundes.

333 865 386 913 et
425 864 614 931 postea
652 861 809 913 melle
851 860 1027 913 omnia
1068 860 1476 929 conprehendis,
1533 878 1649 914 cum
1698 877 1920 914 necesse

331 932 502 987 fuerit.
559 934 832 986 dimidium
868 935 1113 988 cocleare
1165 951 1282 988 cum
1334 935 1621 1001 liquamine
1677 939 1729 988 et
1768 939 1920 988 aceto

331 1007 543 1062 modico
583 1007 795 1062 misces
836 1013 927 1061 aut
964 1013 1088 1077 post
1130 1025 1318 1062 cenam
1358 1008 1634 1061 dimidium
1675 1009 1920 1062 cocleare

331 1083 582 1152 accipies.

448 1158 568 1210 106.
614 1155 917 1210 Carduos
970 1155 1273 1223 liquamine,
1329 1156 1448 1208 oleo
1504 1160 1555 1208 et
1595 1155 1708 1207 ovis
1749 1154 1920 1207 conci-

332 1231 420 1285 sis,
498 1231 665 1284 Aliter
718 1229 973 1283 carduos:
1026 1234 1214 1297 rutam,
1268 1234 1517 1296 mentam,
1569 1228 1920 1295 coriandrum,

329 1379 625 1425 bammate
657 1387 735 1434 βπ.
786 1383 1077 1428 embamm.

330 1436 394 1494 γὸ.
438 1451 516 1482 em
549 1442 969 1486 embamimate
1015 1443 1080 1493 ζθ,

330 1495 449 1541 infra
465 1497 566 1540 346.
585 1501 801 1545 scribitur
823 1501 1080 1552 embamba‚

332 1556 528 1601 ebamba
551 1568 579 1599 a
602 1557 760 1604 dorica
782 1559 930 1605 forma
956 1560 1046 1611 βάιι
1053 1585 1079 1592 -

330 1619 388 1668 βα
405 1616 532 1659 vocis
549 1615 702 1670 βάμμα
734 1618 935 1674 (Ahrens
958 1619 1080 1664 Dial.

332 1674 472 1718 dorio
518 1688 561 1730 p.
606 1677 674 1720 86.
720 1679 877 1733 supn).
917 1679 1080 1722 eadem

330 1732 449 1777 latet
490 1733 536 1776 in
580 1735 863 1781 Columellae
908 1740 976 1788 12,
1008 1737 1080 1780 34.

330 1792 581 1838 bambatae
627 1800 673 1838 et
706 1796 843 1839 Plinii
876 1796 1077 1847 2Ο,147.

331 1851 603 1904 embamma‚
636 1854 884 1905 inbamma‚
905 1855 1080 1898 inbam-

331 1910 393 1955 ba
427 1915 474 1954 et
506 1914 577 1963 22,
611 1913 680 1956 88.
718 1913 774 1957 cf.
809 1914 1001 1958 Salmas.
1034 1914 1081 1956 in

330 1969 446 2012 Plin.
491 1983 535 2025 p.
582 1972 680 2015 265.
727 1973 769 2017 b.
806 1999 861 2004 —
904 1977 1079 2016 aceto

331 2028 455 2071 acri
516 2031 692 2074 emend.
743 2045 799 2075 ex
845 2032 946 2075 448.
995 2045 1079 2087 pro

330 2087 462 2143 agri
492 2088 628 2132 lact.
663 2104 838 2134 mecum
872 2103 973 2135 esse
1006 2103 1081 2133 co-

332 2147 479 2190 dicem
519 2147 718 2192 humelb.
761 2155 928 2204 postea
970 2149 1078 2192 vidi.

331 2206 399 2248 sic
444 2196 611 2251 vitiose
659 2209 881 2263 scriptum
933 2208 1080 2261 „aceti

331 2264 459 2321 agri.“
505 2278 585 2347 ap.
611 2267 830 2323 Pelagon.
867 2269 893 2310 6
929 2281 972 2322 p.
1008 2267 1077 2309 34.

330 2337 416 2379 pio
439 2325 585 2377 „acri“
616 2325 632 2368 i
664 2339 702 2370 e.
722 2327 854 2377 acris,
888 2326 948 2369 ad
968 2325 1079 2370 Gal-

298 2401 300 2403 >
331 2383 409 2438 gil.
446 2396 538 2427 cur.
568 2384 709 2428 boum
728 2387 784 2428 26
802 2399 844 2440 p.
865 2385 934 2428 45.
967 2385 1079 2427 Bar-

331 2442 455 2485 thius
497 2441 624 2487 Adv.
664 2457 708 2498 p.
756 2445 884 2488 1793.
925 2443 1079 2486 acri-

332 2500 348 2544 l
361 2513 389 2543 a
402 2513 426 2544 c
437 2505 457 2543 t
470 2515 499 2544 u
512 2514 603 2545 cas
636 2503 840 2547 scribens
875 2503 1078 2557 explicat

335 2572 480 2615 „quae
513 2565 620 2603 sunt
647 2562 836 2606 acrioris
868 2565 1078 2618 gustus“‚

333 2631 530 2675 quocum
574 2618 687 2663 facit
727 2621 878 2665 Lister
910 2621 969 2664 ob
1003 2621 1079 2664 sil-

331 2679 554 2722 vestrium
596 2691 818 2722 summam
861 2680 1089 2723 amai-itu?

333 2737 485 2782 dinem
518 2749 629 2792 prae
666 2740 844 2783 sativis.

422 2796 483 2840 ad
504 2797 604 2840 104.
635 2803 692 2841 et
723 2797 918 2842 inflat.
944 2797 1079 2841 codd.

334 2867 435 2903 cum
452 2869 618 2901 nomen
636 2858 832 2914 slmplex
855 2870 956 2901 esse
972 2870 1079 2912 pos-

1172 1383 1233 1426 sit
1251 1384 1376 1439 quod
1402 1384 1709 1439 compositum
1727 1381 1921 1435 inflatio,

1172 1443 1565 1498 praepositionem
1622 1442 1814 1492 seiunxi‚
1870 1446 1922 1485 ut

1172 1501 1233 1544 sit
1282 1502 1407 1558 quod
1463 1506 1637 1546 contra.
1694 1501 1741 1543 ni
1791 1500 1922 1552 velis,

1173 1572 1273 1603 eam
1307 1561 1577 1616 absorptam
1614 1564 1741 1615 puta.

1261 1620 1322 1663 ad
1342 1620 1438 1663 105.
1474 1619 1635 1669 eadem
1669 1617 1765 1662 fere
1799 1631 1921 1662 com-

1171 1678 1343 1733 positio
1376 1679 1447 1722 33.
1489 1691 1557 1722 ne
1590 1677 1834 1722 laedant
1865 1690 1922 1720 ne

1176 1737 1399 1788 innatent,
1417 1737 1500 1780 sed
1518 1737 1725 1780 sedeant.
1759 1735 1919 1779 Horat.

1173 1809 1307 1848 serm.
1350 1798 1390 1847 2,
1423 1795 1465 1847 4,
1499 1796 1567 1840 59.
1614 1796 1654 1846 2,
1688 1797 1728 1846 2,
1764 1795 1830 1837 73.
1866 1818 1922 1826 -

1173 1854 1402 1910 cyminum
1435 1870 1480 1897 π.
1514 1854 1701 1910 gengib.
1731 1868 1775 1894 π.
1810 1866 1920 1908 gen-

1171 1913 1304 1968 giber
1335 1917 1410 1964 βθ.
1444 1913 1656 1969 gingiber
1677 1910 1741 1966 γὸ.
1778 1912 1921 1967 zingi-

1171 1972 1299 2019 berz.
1317 1973 1378 2016 ad
1397 1973 1464 2015 29.
1499 1976 1601 2015 aut
1632 1971 1920 2014 siriacum

1171 2035 1270 2074 aut
1302 2031 1546 2074 libicum
1586 2030 1806 2073 tundes
1840 2029 1922 2072 ci-

1171 2090 1380 2133 minum
1413 2094 1489 2141 βπ.
1536 2094 1638 2132 aut
1669 2089 1768 2134 lib.
1800 2093 1923 2130 tun-

1173 2149 1274 2192 des
1309 2149 1427 2192 cim.
1463 2148 1685 2191 omittunt
1701 2147 1922 2190 flor.cum

1170 2223 1206 2262 γ.
1241 2208 1286 2250 in
1319 2221 1409 2251 uno
1439 2210 1472 2246 θ
1501 2211 1698 2250 autem
1732 2210 1814 2249 est.
1850 2218 1922 2248 me

1171 2266 1417 2310 verborum
1467 2266 1675 2308 ordinem
1717 2268 1922 2308 mutasse

1170 2325 1319 2376 vides,
1362 2338 1420 2368 ne
1462 2329 1673 2379 pugnent
1706 2337 1807 2366 cum
1840 2323 1920 2366 illo

1171 2386 1242 2427 33.
1276 2388 1489 2438 postea
1522 2407 1575 2414 ——
1610 2382 1793 2426 fuerit
1821 2385 1924 2431 exst}

1170 2443 1346 2494 addidi,
1379 2447 1558 2498 partem
1590 2441 1732 2486 habet
1757 2441 1816 2485 ed
1854 2453 1920 2496 pr.

1170 2501 1920 2551 coclearum,cloclearum‚

1170 2560 1767 2611 clocleare‚cocleare
1786 2557 1920 2602 codd.

1171 2619 1230 2664 cf.
1272 2620 1342 2662 48.
1389 2619 1484 2663 145.
1530 2619 1805 2674 accipies
1848 2629 1921 2660 su-

1170 2692 1280 2723 mes.
1695 2697 1717 2715 x

1260 2738 1322 2781 ad
1356 2738 1453 2781 106.
1490 2737 1617 2781 ovis
1651 2747 1804 2779 conc.
1840 2733 1921 2778 ob-

1172 2797 1341 2852 ligabis
1376 2797 1445 2840 77.
1476 2796 1573 2838 123.
1608 2794 1695 2838 334
1729 2793 1917 2838 ornabis

1172 2856 1270 2899 432.
1304 2855 1394 2900 vel
1435 2853 1533 2898 flor.
1570 2866 1669 2897 cum
1704 2865 1803 2908 par.
1835 2865 1919 2908 pro
