2066 3276
269 260 341 313 54
815 258 913 306 Lib.
948 260 1027 306 ΠΙ.
1092 260 1308 319 Cepuros.

267 394 353 448 vel
396 411 679 449 caroenum
710 397 762 447 ct
788 393 1034 447 ciminum
1059 393 1290 463 desuper
1315 409 1575 462 asparges
1605 399 1656 449 et
1683 395 1856 450 oleum

266 468 548 522 modicum.
584 467 674 522 ubi
699 467 968 535 fervuerit,
1010 467 1338 536 polipodium
1369 472 1421 521 et
1446 468 1638 521 frustra
1664 486 1855 523 nucum

269 559 387 595 cum
426 542 714 609 liquamine
753 546 911 609 tereS‚
952 542 1245 595 fervent-em
1284 542 1339 594 in
1366 546 1615 611 patenam
1645 542 1853 612 fundeS,

268 616 527 684 coperieS.
571 615 748 669 statim
789 615 1028 684 depones
1070 619 1122 668 et
1161 615 1336 670 uteris,

375 691 461 742 64.
505 690 673 743 Aliter
711 689 1031 742 betacios
1071 705 1425 742 varrones.
1486 689 1685 742 Varro:
1726 691 1854 756 „be-

263 765 431 817 tacios
456 763 554 818 sed
580 764 761 831 nigros
792 762 1030 834 [quorum
1059 762 1300 816 detersas
1326 762 1572 835 radices],
1599 780 1663 817 ex
1686 765 1854 818 mulso

263 836 518 891 decoctos
559 854 677 890 cum
717 838 829 890 sale
869 836 1079 890 modico
1123 841 1174 889 et
1215 838 1350 904 ole0,
1392 838 1479 890 vel
1517 837 1629 891 sale
1665 854 1769 904 qua
1805 843 1857 892 et

263 911 380 965 oleo
420 911 476 963 in
515 927 574 965 se
616 914 768 964 cocto
808 911 1068 964 iusculum
1093 909 1274 963 faceie
1304 916 1356 964 et
1383 911 1623 979 potare“.
1666 912 1854 966 melius

262 985 439 1052 etiam,
481 985 525 1038 si
563 985 618 1037 in
659 1001 722 1038 eo
763 985 938 1056 pullus
978 985 1045 1037 sit
1084 984 1353 1037 decoctus

372 1059 669 1112 65.Alite1
708 1058 778 1111 ad
822 1062 1091 1112 ventrem:
1145 1058 1297 1126 apios
1349 1057 1545 1112 virides
1587 1076 1703 1112 cum
1746 1054 1854 1114 suis

263 1132 532 1187 radicibus
571 1132 777 1186 lavabis
819 1138 871 1185 et
917 1131 1145 1187 siccabis
1185 1132 1256 1186 ad
1303 1133 1485 1199 solem,
1540 1132 1738 1187 deinde
1780 1134 1852 1188 al-

258 1308 302 1350 p.
345 1293 436 1348 41.)
483 1294 649 1351 supple
695 1294 919 1348 „vinum“,
960 1293 1015 1338 cf.

257 1353 462 1398 Martial.
514 1355 556 1406 8,
607 1354 679 1405 56,
731 1354 797 1397 14.
861 1354 1020 1410 „nigra

262 1411 485 1458 falerna“.
508 1438 560 1443 —
581 1412 823 1469 abligas
855 1429 880 1468 y
897 1412 1016 1458 florr.

262 1472 490 1517 volebant
521 1472 768 1528 adligas
809 1473 885 1517 vel
919 1472 1019 1516 ob·

259 1532 428 1588 ligas
462 1530 520 1576 cf.
554 1532 654 1576 380.
678 1532 778 1575 381.
813 1532 1019 1587 manipu-

262 1591 335 1635 los
369 1591 591 1647 colligare
623 1603 697 1646 ap.
722 1590 822 1635 Cat.
860 1591 957 1643 156,
976 1592 1015 1633 2.

261 1649 382 1694 infra
415 1651 485 1694 93.
519 1649 722 1694 holisera
753 1650 798 1693 in
822 1648 1014 1694 fascicu-

258 1710 354 1754 lum
397 1710 680 1766 rediguntur.
726 1708 898 1754 fascem
935 1709 1013 1753 be·

260 1774 412 1814 tarum
469 1768 613 1813 habes
665 1781 737 1824 ap.
788 1769 1010 1823 Pelagon.

260 1842 306 1886 p.
340 1828 413 1872 94.
464 1826 685 1872 fascem
729 1828 838 1872 olim
885 1828 1012 1872 volui

263 1901 348 1943 pro
382 1886 594 1932 fasces.
627 1887 718 1931 iam
750 1888 1011 1943 interpunc-

258 1948 386 1991 tione
419 1947 593 1991 sanavi.
627 1947 835 1991 mittes
858 1947 920 1991 ad
943 1947 1012 2002 ig-

259 2020 375 2050 nem.
399 2031 450 2039 —
475 2007 529 2050 in
562 2018 809 2061 aequam
841 2007 1013 2062 passim

259 2079 375 2110 corr.
409 2079 494 2121 pro
527 2066 584 2109 in
615 2077 835 2121 aquam,
864 2065 924 2109 ad
941 2064 1010 2108 54.

219 2132 221 2134 ’
259 2150 312 2155 -
339 2124 609 2168 ciminum
642 2124 819 2168 misces.
846 2150 897 2155 ——
930 2136 1013 2168 ca-

256 2183 428 2228 roeni
471 2188 530 2228 et
583 2183 800 2227 cumini
850 2188 892 2235 β.
940 2195 1012 2226 ca—

256 2242 387 2287 roeni
420 2246 468 2286 et
500 2242 708 2297 cuminiy
738 2241 859 2285 florr.
894 2254 1012 2286 are-

255 2302 409 2346 niet
442 2302 727 2346 cuminum
761 2317 804 2344 π.
836 2326 888 2330 —
924 2301 1006 2345 de-

256 2373 437 2416 super
482 2374 567 2416 pro
627 2364 682 2404 et
728 2373 909 2415 super
955 2374 1012 2404 ex

256 2423 314 2460 θκ
346 2423 394 2463 et
425 2420 524 2462 212.
550 2420 651 2463 216.
676 2419 826 2463 oleum
852 2432 1008 2474 super-

254 2478 512 2522 instillatur
566 2479 665 2537 167.
725 2479 1010 2534 dispargitur

258 2537 356 2581 135.
392 2549 533 2593 quare
566 2537 707 2581 abeat
738 2538 870 2581 Hum.
907 2550 1008 2580 cum

256 2609 339 2640 suo
391 2599 449 2640 et
491 2596 658 2651 piper
700 2608 1005 2651 asperges.

255 2680 309 2685 —-
342 2654 517 2698 usitata
549 2653 698 2697 forma
730 2653 930 2698 frusta
961 2656 1007 2698 in

255 2716 326 2764 θκ,
369 2713 517 2758 rarior
558 2711 795 2756 frustra
826 2713 871 2756 in
904 2714 1007 2756 reli-

257 2772 373 2828 quis,
407 2772 452 2815 in
487 2772 698 2816 omnibus
725 2772 820 2815 117.
844 2772 941 2815 135.
960 2773 1006 2815 in

255 2843 337 2875 sex
372 2831 590 2874 134167.
625 2836 874 2886 antequam
909 2844 1006 2874 cor-

223 2946 225 2948 p
255 2893 471 2937 rexerunt
528 2902 601 2949 ap.
661 2889 784 2935 Cael.
843 2888 1004 2936 Aurel.

1111 1293 1265 1338 chron.
1285 1293 1326 1346 4,
1344 1295 1386 1345 3,
1411 1293 1650 1339 Claudian.
1665 1294 1735 1346 20,
1752 1294 1853 1340 448.

1109 1354 1155 1397 in
1188 1367 1278 1397 uno
1307 1354 1408 1398 cod.
1427 1354 1567 1398 Macri
1583 1354 1705 1398 Flor.
1726 1354 1852 1399 1462.

1109 1412 1267 1468 sicque
1321 1411 1627 1465 „frustratim“
1678 1413 1724 1457 in
1770 1427 1851 1458 no·

1110 1472 1216 1516 stris
1251 1473 1349 1516 167.
1383 1477 1431 1516 et
1461 1472 1506 1516 in
1525 1472 1705 1528 aliquot
1721 1471 1853 1528 Apu-

1109 1531 1171 1575 lei
1202 1536 1308 1575 met.
1343 1532 1384 1582 2,
1419 1532 1457 1575 7.
1493 1557 1546 1562 ——
1581 1532 1853 1587 coperies

1110 1589 1306 1634 formam
1330 1595 1615 1635 contractam
1634 1590 1853 1636 lib1orum

1106 1648 1282 1693 formae
1316 1651 1643 1705 cooperies
1668 1650 1741 1693 vel
1767 1662 1854 1695 co·

1105 1707 1388 1763 hoperies
1421 1714 1468 1753 et
1499 1710 1597 1753 369.
1635 1709 1731 1752 162.
1750 1709 1851 1754 448.

1103 1768 1317 1823 praetuli.
1353 1766 1409 1817 ef,
1458 1768 1638 1813 Lachm.
1672 1768 1733 1812 ad
1764 1769 1851 1812 Lu-

1105 1833 1215 1870 cret.
1250 1828 1291 1879 2,
1327 1828 1454 1871 1061.
1484 1851 1541 1857 —
1574 1833 1634 1871 ut
1667 1828 1852 1872 utens

1103 1889 1241 1937 βθκπ.
1274 1890 1336 1930 ut
1368 1888 1561 1931 utaris
1593 1886 1680 1942 γὸζ.

1191 1946 1250 1990 ad
1272 1945 1340 1988 64.
1362 1946 1648 1990 Varronis
1666 1963 1699 2001 γ.
1717 1946 1850 1990 Hum.

1104 2005 1311 2049 nesciens
1344 2006 1528 2049 nomina
1560 2006 1749 2062 propria
1766 2018 1850 2060 pro

1104 2064 1400 2119 appellativis
1433 2066 1564 2121 quasi
1597 2078 1742 2120 eaque
1765 2077 1849 2119 pro

1103 2123 1347 2168 adiectivis
1389 2130 1436 2168 et
1468 2124 1700 2180 epithetis,
1743 2123 1784 2166 h.
1819 2123 1849 2167 l.

1102 2195 1186 2237 pro
1234 2184 1588 2236 „varronianos“
1639 2182 1851 2227 adhiberi

1101 2253 1326 2296 posse.—
1365 2247 1423 2286 et
1454 2256 1520 2285 m.
1556 2243 1849 2286 decoctas

1103 2300 1237 2344 codd.
1257 2324 1309 2329 —-
1331 2313 1444 2356 qua
1475 2302 1671 2352 ratione,
1703 2300 1846 2344 lance.

1101 2371 1172 2414 aq
1195 2372 1265 2403 ua
1295 2376 1353 2414 γπ
1385 2361 1519 2404 Hum.
1560 2359 1617 2404 cf.
1654 2361 1750 2403 116.
1794 2385 1847 2391 —

1103 2423 1279 2463 cocta
1298 2419 1431 2463 codd.
1454 2419 1608 2462 malim
1627 2423 1847 2463 coctos.

1099 2502 1153 2510 --
1197 2479 1397 2533 potari
1444 2479 1578 2522 codd.
1628 2503 1687 2509 —
1734 2478 1849 2522 erit

1100 2536 1170 2580 ed.
1191 2550 1256 2591 pr.
1277 2550 1361 2592 pro
1395 2538 1586 2587 etiam,
1618 2538 1750 2581 Hum.
1774 2537 1844 2580 ed.

1098 2596 1194 2639 vel
1241 2596 1368 2640 sale
1415 2609 1565 2652 aqua
1609 2602 1665 2640 et
1709 2595 1845 2639 oleo

1097 2654 1150 2697 in
1182 2668 1241 2698 se
1276 2668 1339 2698 co
1358 2669 1519 2710 ques,
1552 2655 1846 2699 iusculum

1098 2712 1294 2758 facies
1328 2720 1383 2758 et
1413 2714 1688 2769 potabis:
1735 2726 1845 2756 me-

1097 2772 1214 2816 lius
1247 2773 1375 2817 erit

1186 2831 1246 2874 ad
1279 2832 1347 2874 65.
1396 2831 1597 2875 albam
1631 2834 1691 2874 et
1723 2842 1840 2884 cap.

1098 2890 1231 2936 codd.
1281 2890 1343 2935 ad
1389 2890 1458 2935 59.
1529 2890 1735 2950 capita
1788 2902 1843 2938 ex
