2066 3276
713 237 811 283 Lib.
835 238 960 283 VIII.
1007 237 1249 293 Tetrapus.
1652 238 1757 292 175

159 374 350 436 tanges
391 402 459 407 —-
514 370 605 438 api
658 388 840 423 semen
892 376 1032 423 teres
1083 371 1156 423 ita
1210 375 1266 422 ut
1322 370 1416 422 fiat
1466 369 1643 439 pulvis
1690 402 1750 408 —

160 443 403 513 aspargis
446 448 496 496 et
535 440 746 497 ii'i‘feres,

227 522 229 524 ’
274 518 398 569 379.
441 518 840 570 Porcellum
873 517 1299 570 laureatum:
1341 516 1633 586 porcellum
1665 534 1754 571 ex-

163 607 329 657 08838,
373 591 524 657 quasi
566 596 951 658 oenogaratum
986 608 1162 657 ornas,
1198 590 1510 661 praeduraS.
1549 591 1754 643 laurum

159 663 382 716 viridem
434 664 488 716 in
541 663 717 717 medio
770 664 974 731 frangis
1025 665 1168 717 satis.
1212 665 1267 716 in
1306 663 1531 730 furnum,
1584 681 1751 719 38838.

162 742 212 790 et
263 737 436 791 mittes
488 738 542 790 in
595 738 899 790 mortarium
938 738 1109 806 piper,
1164 737 1465 804 ligisticum,
1521 755 1752 807 careum,

161 810 250 881 api
303 828 500 877 semen,
553 812 742 864 lasaris
793 811 1047 877 radicem,
1101 813 1265 864 bacas
1313 811 1464 877 lauri,
1518 810 1752 880 fricabiS,

161 884 433 938 suffundes
472 885 741 951 liquamen
779 890 829 938 et
854 885 975 937 vino
1004 891 1055 938 et
1081 902 1242 955 passo
1274 885 1615 955 temperabis
1660 886 1753 938 ad-

161 958 294 1011 icies
332 959 387 1010 in
428 960 718 1012 caccabum
754 959 857 1011 olei
884 958 1151 1012 modicum
1181 963 1233 1012 et
1259 957 1481 1012 ferveat.
1526 960 1750 1027 obligas,

159 1032 451 1100 porcellum
502 1033 650 1085 lauro
707 1032 908 1086 eximes
966 1038 1018 1085 et
1068 1033 1149 1086 ius
1194 1034 1262 1087 ab
1305 1049 1427 1086 0888
1467 1037 1660 1101 tanges
1702 1039 1755 1088 et

158 1105 371 1160 inferes,

271 1181 393 1233 380.
448 1180 846 1234 Porcellum
893 1178 1454 1233 frontonianum:
1511 1197 1750 1249 exossaS,

159 1254 470 1322 praeduras,
526 1271 699 1308 ornas,
754 1253 956 1308 adicies
1012 1254 1067 1306 in
1122 1256 1413 1308 caccabum
1464 1254 1751 1324 liquamen,

160 1328 355 1395 vinum,
398 1329 590 1396 alligas
630 1328 940 1382 fasciculum
978 1325 1141 1396 porri,
1196 1329 1356 1396 aneti,
1410 1328 1591 1382 media
1631 1347 1752 1384 coc-

159 1407 275 1455 tura
314 1402 489 1456 mittes
530 1402 828 1456 defrictum.
875 1407 1081 1456 coctum
1121 1403 1271 1456 lavas
1314 1408 1367 1456 et
1406 1402 1602 1458 siccum
1637 1404 1751 1457 mit-

158 1481 253 1530 tes
297 1477 451 1547 piper
490 1477 735 1548 aspargis
778 1482 830 1530 et
866 1475 1080 1530 inferes.

271 1552 393 1605 381.
477 1551 878 1605 Porcellum
941 1568 1115 1604 aeno
1177 1556 1474 1605 coctum:
1544 1552 1750 1622 porcel-

159 1623 263 1676 lum
304 1624 618 1692 praeduraS,
662 1642 835 1691 ornaS,
886 1625 1088 1678 adicies
1127 1625 1182 1677 in
1225 1627 1514 1679 caccabum
1557 1626 1748 1692 oleum,

158 1699 444 1765 liquamen,
494 1699 689 1765 vinum,
740 1716 949 1766 aquam,
1003 1699 1197 1766 alligas
1235 1699 1547 1753 fasciculum
1587 1700 1748 1767 porri,

160 1772 442 1839 coriandri,
483 1772 661 1825 media
702 1778 918 1825 coctura
959 1774 1221 1827 colorabis
1263 1773 1504 1826 defricto
1548 1774 1750 1827 adicies

161 1847 211 1897 in
250 1846 553 1899 mortarium
594 1846 764 1914 piper,
818 1846 1119 1914 ligisticum,
1176 1864 1407 1914 careum,
1453 1848 1747 1915 origanum,

158 1920 247 1987 api
300 1937 499 1986 semen,
551 1920 740 1973 lasaris
793 1921 1047 1987 radicem,
1102 1921 1333 1987 fricabis⁷
1375 1920 1651 1974 suffundes
1690 1921 1748 1973 li-

160 2011 403 2060 quamen,
444 1996 525 2047 ius
567 1995 635 2047 de
676 2011 770 2046 suo
812 1995 929 2062 sibi,
970 1996 1091 2048 vino
1128 2001 1180 2048 et
1212 2012 1373 2063 passo
1409 1996 1748 2063 temperabis,

992 2161 1085 2200 ste
1118 2156 1191 2200 vel
1225 2156 1350 2200 iure
1383 2157 1483 2200 377.
1512 2182 1560 2185 -—
1590 2156 1647 2201 de
1676 2169 1748 2200 os-

992 2215 1120 2260 sibus
1152 2215 1253 2260 378.

153 2155 254 2199 379.
302 2155 405 2199 vino
447 2155 632 2211 palmeo
666 2156 899 2207 inm-abis,

152 2214 318 2258 leviter
349 2214 611 2270 perfundes.
645 2216 708 2259 ad
740 2216 809 2259 52.
847 2242 897 2245 —-

152 2275 432 2330 aspargis
465 2274 542 2330 api
573 2275 824 2330 pulverem.

241 2332 302 2376 ad
319 2334 418 2377 379.
438 2333 650 2377 laurum
680 2335 777 2378 vir.
798 2333 898 2377 340.

155 2417 204 2421 -—
239 2392 296 2435 in
327 2392 520 2436 medio
553 2394 674 2437 inter
704 2393 900 2449 praedu-

151 2450 358 2503 randum‚
392 2450 438 2491 ἓν
460 2454 519 2505 τῷ
545 2449 609 2491 διὰ
634 2455 783 2504 μέσου,
814 2468 900 2505 με-

152 2508 269 2565 σηγύ,
303 2510 579 2555 inzwischen
598 2511 668 2555 63.
688 2537 741 2542 —
780 2511 902 2564 „lau-

151 2582 249 2612 rum
273 2570 412 2613 satis“
449 2574 500 2613 ut
516 2570 648 2625 piper
666 2570 780 2614 satis
798 2570 898 2614 397.

151 2628 266 2672 satis
300 2629 539 2673 consilium
568 2629 753 2681 habere,
786 2630 901 2673 satis

149 2688 464 2732 testimonium
508 2693 593 2740 est,
636 2690 735 2732 sim.
776 2688 900 2744 apud

151 2747 352 2802 optimos
385 2748 652 2803 scriptores,
700 2749 766 2793 sic
798 2748 897 2794 ἅλις.

152 2831 202 2837 —-
239 2807 296 2849 in
331 2807 593 2852 caccabo
627 2820 749 2852 cum
784 2808 901 2852 olei

149 2869 194 2919 β.
228 2867 327 2911 377.
375 2894 423 2897 —
468 2867 556 2911 ius
600 2867 672 2911 vel
711 2872 782 2912 est
814 2868 901 2911 iu-

1083 2274 1145 2317 ad
1177 2275 1279 2319 380.
1313 2274 1581 2318 nominatus
1614 2286 1643 2317 a
1675 2275 1746 2319 Iu-

991 2333 1055 2378 lio
1089 2334 1323 2378 Frontone
1356 2338 1573 2388 praetore
1614 2334 1748 2378 urba-

992 2406 1053 2436 no
1090 2392 1271 2436 Vitellii
1303 2393 1403 2436 377.
1440 2418 1493 2422 —ff—
1532 2406 1617 2448 pro
1651 2393 1745 2438 ob-

993 2452 1149 2507 ligas
1183 2466 1297 2496 corr.
1329 2465 1385 2495 ex
1403 2452 1471 2494 63.
1491 2452 1606 2495 Plin.
1641 2451 1745 2496 Val.

996 2512 1035 2562 1,
1071 2513 1112 2555 2.
1156 2536 1209 2541 —-
1256 2512 1475 2555 siccum
1523 2512 1745 2556 siccatum

993 2569 1170 2614 sabano
1204 2570 1302 2613 245.
1333 2571 1435 2614 376.
1469 2570 1666 2614 mittis
1698 2572 1744 2615 in

993 2629 1184 2674 lancem.

1082 2688 1143 2732 ad
1176 2689 1276 2732 381.
1313 2694 1746 2746 oenogaratum

991 2748 1036 2791 in
1068 2761 1159 2792 uno
1193 2760 1288 2804 par.
1334 2752 1382 2791 et
1423 2748 1493 2792 ed.
1527 2749 1661 2792 Hum.
1695 2754 1747 2793 ut

991 2807 1090 2850 379.
1127 2805 1185 2851 ef.
1208 2807 1309 2851 386.
1329 2806 1429 2850 389.
1464 2808 1651 2852 Petron.
1672 2809 1745 2861 47,

993 2867 1063 2910 10.
1086 2866 1155 2918 74,
1172 2866 1215 2910 4.
1249 2867 1293 2909 in
1326 2878 1443 2910 aeno
1476 2880 1557 2911 seu
1576 2867 1745 2919 lebete,
