2066 3276
875 214 1127 262 Praefatio.
1722 218 1790 273 21

200 355 407 419 tergum
462 349 602 404 dedi.
658 354 713 403 ut
762 349 988 419 primum
1029 367 1217 405 carnes
1258 349 1537 418 affuerunt,
1589 351 1792 406 taricho

200 457 308 494 non
348 444 626 494 contentus
677 439 753 492 fui
804 444 855 493 et
910 457 1028 493 cum
1080 445 1296 511 praesto
1351 445 1493 494 esset
1529 440 1632 508 via,
1685 457 1794 494 non

199 528 573 597 requirendam
611 528 853 582 semitam
896 529 1094 597 putavi.

310 619 450 671 Dum
490 619 624 671 alter
665 618 928 686 Sisyphus
962 617 1151 670 molior
1181 623 1232 671 et
1258 619 1479 672 naenias
1506 619 1628 674 Tibi
1657 637 1792 674 cano

201 707 343 774 quod
384 707 559 760 adhuc
599 706 670 759 ad
709 706 934 759 fractam
975 706 1042 759 sit
1082 707 1382 760 canendum
1437 713 1488 761 ct
1534 709 1635 762 nisi
1675 710 1794 764 aliis

198 797 344 850 libris
397 795 607 849 adiutus
661 811 885 866 pensum
938 796 1218 849 absolvere
1257 813 1363 849 non
1404 797 1685 866 confidam,
1740 798 1795 852 in

195 884 447 954 frigidum
501 884 710 938 furnum
763 901 869 938 non
919 884 1111 939 immisi
1162 902 1332 954 panes
1388 891 1439 940 et
1479 891 1663 940 contra
1704 904 1793 941 ex-

195 974 580 1045 spectationem
626 979 840 1029 beatum
894 991 976 1027 me
1030 974 1310 1028 reddidisti
1349 991 1537 1043 parum
1579 977 1796 1044 cognita

194 1064 286 1117 illa
327 1069 581 1136 excerpta
622 1063 871 1133 apiciana
909 1065 1179 1133 praebens
1208 1080 1345 1134 quae
1373 1081 1470 1136 per
1508 1065 1678 1118 virum
1717 1066 1796 1120 rei

193 1155 421 1225 peritum
449 1154 666 1209 Parisiis
694 1154 925 1209 describi
949 1154 1136 1209 fecisti.
1172 1154 1217 1207 si
1245 1170 1487 1208 nummos
1520 1153 1793 1224 haberem,

196 1261 415 1298 aureum
454 1246 533 1299 Te
573 1262 847 1314 ponerem,
889 1250 944 1298 at
982 1243 1111 1297 nihil
1151 1243 1324 1297 habeo
1366 1243 1469 1297 nisi
1507 1245 1672 1298 verba
1696 1262 1794 1314 pro

194 1333 382 1387 farina.
428 1333 639 1401 gaudeo
691 1334 910 1388 mirifice
964 1333 1106 1403 quod
1157 1332 1283 1386 data
1325 1338 1405 1387 est
1443 1333 1597 1387 nobis
1639 1350 1792 1388 occa-

197 1423 455 1491 siuncula,
497 1428 553 1476 ut
593 1422 661 1477 de
703 1424 1068 1478 communibus
1109 1422 1296 1476 studiis
1336 1422 1537 1490 aliquid
1576 1440 1674 1492 per
1712 1424 1792 1477 lit-

197 1517 339 1566 teras
381 1513 761 1581 colloquamur,
804 1513 880 1567 sic
923 1513 1062 1567 enim
1102 1511 1217 1565 fore
1258 1529 1416 1582 spero
1457 1517 1514 1564 ut
1552 1529 1701 1565 amor
1738 1513 1793 1565 in

199 1601 495 1655 doctrinam
536 1602 706 1653 Tuam
746 1618 894 1654 meus
943 1601 1229 1654 amicitiam
1267 1601 1403 1654 inter
1442 1617 1540 1654 nos
1581 1601 1791 1656 conflet.

196 1690 250 1743 id
291 1691 561 1758 singulare
615 1695 666 1744 et
712 1707 838 1744 vere
886 1691 1097 1744 unicum
1138 1692 1451 1759 opusculum
1490 1691 1792 1745 inscribitur

190 1780 402 1849 Apici
455 1785 793 1849 excerpta
845 1798 878 1833 a
926 1779 1297 1834 Vinidario
1351 1781 1500 1834 viro
1541 1780 1789 1834 intitu-

195 1870 342 1922 lato
385 1870 462 1940 (in
505 1870 623 1923 cod.
665 1870 768 1923 vir
806 1868 1008 1942 intut)
1064 1875 1116 1924 et
1163 1870 1426 1941 particula
1466 1874 1547 1923 est
1586 1870 1789 1924 codicis

198 1958 518 2012 Salmasiani
553 1959 711 2030 (Bibl.
742 1960 908 2012 Paris
941 1960 1215 2029 Supplem.
1245 1961 1360 2012 Lat.
1391 1959 1542 2031 685.)
1578 1961 1790 2030 septimi

194 2047 360 2102 ferme
400 2049 583 2116 seculi,
626 2049 936 2103 charactere
974 2049 1349 2115 vetustissim0‚
1404 2049 1568 2103 literis
1609 2038 1788 2103 uncia-

192 2136 329 2190 libus
371 2137 623 2206 descripti
665 2137 759 2208 (de
802 2155 864 2191 eo
906 2137 1035 2191 satis
1077 2138 1209 2191 dixit
1250 2139 1404 2206 Sillig
1442 2138 1674 2192 Praefat.
1716 2139 1788 2193 ad

190 2226 325 2279 Plin.
368 2227 471 2279 vol.
502 2227 563 2279 V.
604 2227 1086 2299 p.Xv-XX11.).
1167 2227 1462 2280 Salmasius
1513 2228 1569 2279 in
1619 2229 1786 2281 Exer-

196 2314 531 2368 citationibus
580 2315 836 2368 Plinianis
891 2333 956 2369 ea
1009 2322 1264 2385 excerpta
1302 2321 1526 2384 usurpat
1574 2333 1627 2384 p.
1661 2317 1782 2370 161.

193 2403 316 2457 255.
359 2403 481 2456 256.
525 2404 648 2456 261.
693 2405 816 2457 358.
859 2406 985 2458 425.
1028 2406 1151 2458 720.
1190 2406 1312 2459 740.
1345 2405 1469 2458 750.
1503 2405 1625 2458 753.
1657 2406 1782 2457 823.

190 2492 313 2545 900.
357 2492 481 2545 edit.
523 2493 669 2561 Traj.
713 2493 783 2545 ad
823 2493 1117 2564 Lampridii
1149 2494 1301 2547 Alex,
1340 2494 1462 2547 Sev.
1496 2495 1582 2547 37.
1627 2493 1782 2562 Capi-

184 2581 273 2633 tol.
315 2582 436 2634 Ant.
478 2581 555 2634 Pi.
599 2582 648 2634 9.
691 2582 897 2634 titulum
938 2583 1188 2651 sequitur.

300 2670 427 2739 „De
468 2670 683 2723 siccis
723 2670 867 2723 hoc.
926 2672 1141 2725 Lasaris
1180 2672 1406 2725 radices.
1447 2677 1642 2724 menta.
1685 2689 1777 2726 ne-

183 2764 363 2827 „peta.
405 2759 590 2811 salvia.
635 2776 943 2828 cuppreSSU.
988 2761 1228 2828 origanu.
1272 2761 1599 2830 zyniperum.
1644 2778 1781 2829 cepa

182 2848 471 2916 „gentima
503 2851 663 2904 bacas
692 2849 873 2902 timmi.
907 2849 1259 2903 coriandrum.
1302 2850 1518 2922 piretrU.
1561 2850 1676 2903 citri
1702 2850 1778 2904 fa-
