2066 3276
265 235 335 289 26
936 235 1188 284 Praefatio,

266 373 357 423 aut
407 368 509 423 hoc
562 386 681 424 csse
734 370 965 437 denique
1015 376 1195 443 putem
1247 370 1390 439 quod
1436 370 1565 424 Tuis
1605 388 1735 439 erga
1772 389 1857 426 mc

264 459 462 518 meritis
503 458 777 526 debeatur,
827 476 1007 513 verum
1050 477 1166 513 cum
1205 459 1420 530 prodire
1461 461 1633 514 nollet
1669 462 1723 514 in
1765 478 1856 532 pu-

264 548 461 602 blicum
499 548 634 602 liber
672 548 786 602 sine
837 549 1150 618 patrocinio,
1205 550 1377 602 Tuum
1426 549 1717 620 praecipue
1757 550 1857 604 sibi

263 653 420 691 nome
440 637 760 705 ninscripsit‚
804 655 871 692 ex
900 654 1001 705 quo
1028 638 1186 690 tutior
1213 637 1351 690 foret
1378 642 1537 704 atque
1566 637 1855 693 honestior.

265 741 427 795 quare
468 726 680 794 suscipe
721 743 921 795 quaeso
965 725 1220 793 quidquid
1274 726 1376 780 hoc
1418 731 1498 779 cst
1535 725 1640 779 mei
1682 726 1857 780 foetus

264 831 370 885 qua
419 832 504 868 me
555 832 762 883 quoque
814 816 989 886 ipsum
1043 816 1184 868 soles
1231 814 1558 868 humanitate
1613 832 1858 886 quaeque

263 908 412 957 tanta
451 909 533 958 est
570 903 626 956 ut
664 905 744 957 Te
783 905 907 958 boni
948 905 1303 958 consulturum
1345 903 1601 972 quidquid
1636 921 1670 958 a
1702 904 1857 958 nobis

264 992 629 1065 proficiscatur
652 993 962 1047 existimem.
1000 993 1244 1064 Apicium
1268 993 1408 1046 hunc
1428 998 1664 1045 nostrum
1686 992 1858 1047 donec

266 1082 466 1134 maiora
518 1082 640 1136 Tibi
691 1100 756 1135 ac
805 1082 1031 1135 fortasse
1080 1082 1301 1136 meliora
1339 1082 1657 1154 parturimus
1696 1081 1857 1135 veluti

266 1171 603 1242 praeludium
642 1171 859 1238 aliquod
903 1171 1014 1224 veri
1053 1172 1281 1238 iustique
1320 1172 1534 1237 laboriS,
1576 1187 1678 1238 quo
1706 1172 1858 1225 citius

223 1292 226 1294 >
271 1258 457 1313 rudem
498 1260 777 1331 accipiam,
819 1261 961 1313 laeta
999 1276 1251 1327 rogamus
1289 1260 1463 1314 fronte
1505 1260 1757 1332 excipias.

343 1350 557 1402 Dabam
600 1366 665 1402 ex
706 1350 943 1402 museolo
984 1354 1163 1402 nostro
1205 1350 1347 1419 quod
1389 1354 1469 1403 est

413 1423 485 1476 ad
523 1423 698 1476 fontes
739 1423 1038 1477 danubinos
1078 1422 1212 1478 Idib.
1255 1431 1386 1483 Dec.

692 1497 1073 1552 MDCCCLVI.

754 2034 1076 2105 comcUM
1113 2034 1373 2088 NOTAE.

349 2190 380 2237 ,8
411 2185 571 2230 Codex
601 2184 855 2228 Vaticanus
891 2182 1003 2226 1146
1038 2182 1142 2226 circ.
1174 2182 1218 2226 X
1250 2195 1339 2227 sec.

351 2261 377 2300 y
409 2244 568 2289 Codex
599 2244 853 2287 Vaticanus
887 2242 1003 2286 1145
1034 2255 1122 2286 sec.
1157 2241 1282 2286 XIV.

350 2320 382 2345 π
416 2304 574 2348 Codex
607 2302 843 2346 Parisinus
877 2302 1007 2346 6167.

352 2361 379 2402 ὃ
413 2362 573 2407 Codex
603 2362 897 2406 Florentinus
929 2362 1145 2404 Laurent.
1179 2360 1283 2404 cod.
1317 2360 1375 2403 20
1405 2359 1521 2415 plut.
1557 2360 1625 2403 73.

350 2424 371 2470 ζ
487 2455 507 2476 ,,
724 2454 744 2474 ,,
928 2420 986 2463 26
1016 2419 1228 2463 Riccard.
1265 2418 1392 2462 1464.

351 2485 384 2521 θ
487 2515 507 2535 n
724 2513 744 2533 n
928 2480 984 2522 29
1109 2511 1129 2531 n

349 2557 374 2579 κ
488 2573 508 2593 ,,
725 2572 745 2591 ,,
933 2538 988 2581 67
1015 2539 1235 2581 Laurent.
1502 2567 1506 2570 -

350 2600 465 2645 Cod.
498 2597 693 2648 Salmas,
727 2597 886 2642 Codex
918 2596 1232 2641 Salmasianus
1266 2595 1375 2649 (vid.
1410 2593 1552 2650 praef.
1590 2609 1633 2650 p.
1670 2596 1757 2647 21).

347 2659 434 2702 Ed.
468 2672 552 2713 pr„
584 2657 744 2702 Editio
778 2656 992 2711 princeps
1023 2656 1204 2700 Veneta
1237 2653 1346 2710 (vid.
1380 2652 1524 2709 praef.
1558 2667 1603 2709 p.
1641 2654 1727 2707 13).

347 2718 405 2762 H.
438 2731 473 2760 s.
507 2717 658 2767 Hum.‚
693 2715 993 2770 Humelbergi
1024 2715 1183 2759 Editio
1216 2713 1327 2769 (vid.
1361 2711 1505 2768 praef.
1539 2726 1584 2768 p.
1619 2712 1707 2765 14).

349 2777 458 2823 Tor.
490 2775 592 2828 Ed„
625 2775 784 2819 Torini
816 2774 961 2819 editio
995 2774 1107 2829 (vid.
1140 2771 1285 2829 praef.
1318 2785 1364 2828 p.
1400 2772 1488 2826 14).
