2066 3276
265 253 368 304 100
794 251 890 295 Lib.
924 251 1001 295 IV.
1047 251 1316 296 Pandectcs.

258 384 480 451 vuerint,
520 389 659 436 teres
699 384 870 453 piper,
908 384 1209 450 ligisticum,
1262 383 1519 436 suffundis
1558 383 1842 450 liquamen,
1921 436 1926 445 ,

258 458 436 510 vinum
478 462 529 510 et
568 474 786 524 passum
826 462 881 508 ut
920 457 1073 510 dulce
1114 459 1195 523 sit,
1234 457 1316 509 ius
1358 457 1424 508 de
1466 473 1560 509 suo
1602 457 1702 509 sibi
1741 458 1844 509 suf-

258 531 450 582 fundis
504 547 726 583 revocas
758 531 811 581 in
861 531 1063 584 bulbos.
1121 548 1238 583 cum
1278 530 1582 595 fervuerint,
1625 530 1692 582 ad
1738 548 1843 582 mo-

260 609 492 657 mentum
533 605 707 656 amolo
750 604 972 670 obligas,

377 679 494 729 183.
552 677 838 729 Gustum
894 676 973 728 de
1015 676 1396 729 cucurbitis
1437 675 1844 729 farsilibus:

261 751 558 805 cucurbitas
608 768 640 802 a
692 752 859 803 latere
913 750 1170 802 subtiliter
1221 749 1290 801 ad
1338 749 1552 801 modum
1593 750 1844 803 tessellae

261 826 526 891 oblongae
566 823 787 876 decidas
830 829 881 876 et
923 840 1151 876 excavas
1193 828 1245 876 ct
1283 823 1442 875 mittis
1482 823 1535 874 in
1576 822 1843 889 frigidam.

257 900 539 967 inpensam
580 897 652 950 ad
694 914 784 949 eas
818 898 894 949 sic
919 897 1117 950 facies:
1163 902 1304 948 teres
1332 897 1501 964 piper,
1543 897 1844 962 ligisticum,

261 973 554 1039 origanum,
606 970 879 1023 suffundes
919 972 1203 1037 liquamen,
1255 971 1520 1023 cerebella
1561 975 1729 1036 cocta,
1771 975 1844 1022 te-

259 1063 362 1112 res,
417 1062 518 1098 ova
571 1044 734 1097 cruda
775 1044 1035 1097 dissolves
1077 1049 1129 1097 et
1167 1043 1374 1109 misces,
1428 1048 1483 1095 ut
1530 1060 1690 1095 unum
1730 1060 1844 1097 cor-

259 1136 359 1188 pus
413 1118 628 1184 efficiaS,
689 1118 974 1185 liquamine
1031 1117 1369 1185 temperabis,
1437 1122 1489 1170 et
1547 1118 1845 1170 cucurbitas

260 1192 648 1262 suprascriptas
703 1209 811 1244 non
862 1192 1020 1260 plene
1062 1196 1241 1244 coctas
1292 1208 1357 1243 ex
1400 1208 1463 1243 ea
1503 1191 1729 1258 inpensa
1767 1191 1843 1243 in-

259 1267 394 1335 pleS,
458 1265 523 1319 de
571 1266 788 1319 tessella
840 1282 937 1317 sua
988 1265 1235 1317 recludis.
1292 1264 1509 1317 surclas,
1565 1269 1617 1317 et
1666 1269 1846 1317 coctas

261 1340 448 1394 eximis
488 1344 539 1392 et
576 1339 742 1406 frigis.
787 1355 1114 1405 oenogarum
1154 1338 1230 1390 sic
1268 1337 1464 1391 facies:
1505 1342 1645 1391 teres
1674 1338 1844 1406 piper,

259 1414 559 1482 ligisticum,
602 1411 873 1464 suffundes
914 1412 1092 1464 vinum
1122 1417 1173 1478 et
1199 1412 1484 1477 liquamen,
1527 1428 1687 1479 passo
1717 1417 1844 1464 tem-

258 1487 490 1556 perabiS,
534 1487 636 1539 olei
678 1486 943 1538 modicum
984 1486 1159 1539 mittes
1197 1485 1252 1537 in
1283 1487 1570 1538 caccabum
1601 1490 1652 1538 et
1678 1485 1845 1538 facies

259 1567 315 1614 ut
352 1561 570 1615 ferveat.
615 1577 733 1613 cum
773 1559 1042 1627 fervuerit,
1085 1559 1259 1612 amolo
1305 1559 1527 1626 obligas.
1573 1564 1624 1611 et
1665 1575 1844 1612 cucur—

258 1636 393 1688 bitas
434 1634 615 1687 frictas
667 1650 939 1700 oenogaro
994 1632 1272 1703 perfundis
1315 1637 1367 1685 et
1404 1633 1559 1701 piper
1599 1632 1845 1701 aspargis

259 1714 311 1762 et
347 1707 559 1762 inferes.

372 1783 492 1835 184.
537 1782 811 1835 Gustum
839 1780 919 1834 de
947 1779 1407 1850 praecoquiis
1431 1779 1660 1847 :pusilla
1691 1796 1844 1847 prae-

258 1857 447 1924 coquia
486 1872 702 1924 purgas,
747 1855 1014 1921 enucleas,
1055 1854 1110 1905 in
1150 1853 1399 1920 frigidam
1438 1852 1617 1919 mittis,
1657 1853 1712 1905 in
1751 1870 1844 1921 pa-

256 1989 370 2033 cibis
433 1988 684 2032 levioribus
738 1986 1003 2030 nominatae

254 2051 361 2092 sunt
410 2052 461 2091 ut
509 2048 607 2090 259.
669 2045 786 2090 Cels.
841 2046 882 2097 2,
931 2047 1001 2088 22.

253 2106 425 2150 Athen.
459 2107 501 2157 3,
532 2106 602 2149 49.
639 2103 839 2151 Casaub.
872 2103 933 2147 ad
961 2105 1004 2155 2,

254 2166 311 2209 64
342 2179 385 2220 p.
406 2165 506 2208 428.
529 2163 828 2208 ——scellas
864 2163 1002 2206 codd.

252 2238 335 2280 per
366 2224 637 2279 aphaeresin
672 2223 699 2266 i.
727 2236 765 2278 q.
799 2222 1002 2266 ancellas

254 2285 352 2328 181.
396 2283 471 2328 vel
515 2283 762 2338 intelleges
795 2281 1002 2325 rusticel-

251 2343 338 2393 las,
387 2343 526 2398 iunge
575 2340 850 2392 rebhiihner‚
898 2353 1002 2395 per-

252 2402 353 2445 drix
405 2402 566 2458 grises‚
612 2413 729 2456 quae
781 2399 1002 2443 Romanis

251 2461 452 2504 rusticae
484 2460 687 2516 gallinae
722 2459 935 2502 dicuntur
955 2464 1002 2502 et

249 2519 462 2575 perdices
505 2518 769 2569 rusticulae‚
810 2517 884 2561 vel
918 2530 1001 2561 ac-

251 2592 275 2622 c
287 2578 376 2623 ela
388 2591 409 2621 s
428 2579 623 2629 acceias‚
636 2578 880 2621 beccasscs
895 2576 1002 2621 Gal-

251 2638 413 2682 lorum.
457 2637 601 2681 scillis
646 2636 890 2680 bulborum
922 2649 1001 2679 no-

251 2696 491 2741 bilissimis
524 2696 653 2740 locus
686 2708 777 2738 non
812 2699 894 2738 est.

337 2755 397 2799 ad
428 2755 525 2799 183.
559 2753 879 2798 farsilibus
912 2753 1002 2797 far-

249 2815 326 2867 sis,
358 2815 566 2870 impensa
582 2813 799 2869 impletis.
828 2839 871 2842 -—-
900 2825 1001 2856 eas

249 2888 362 2920 corr.
397 2887 481 2929 pro
516 2886 650 2918 eam.
695 2880 743 2917 et
784 2872 999 2916 misces

1094 1998 1151 2028 ex
1182 1984 1283 2027 252.
1326 1997 1411 2039 pro
1444 1985 1664 2029 mittes,
1700 2010 1743 2014 —
1787 1990 1846 2030 et

1094 2057 1161 2088 ex
1208 2056 1275 2087 ea
1323 2043 1460 2088 codd.
1512 2069 1565 2075 —
1610 2044 1845 2087 surclas

1093 2116 1177 2158 pro
1238 2102 1459 2146 surdas.
1519 2103 1753 2147 literarum
1804 2103 1845 2146 cl

1094 2161 1242 2205 forma
1274 2174 1414 2217 saepe
1443 2160 1703 2206 habebatur
1721 2162 1763 2205 d.
1783 2161 1845 2205 ad

1094 2221 1194 2264 268.
1243 2219 1350 2264 inde
1402 2221 1483 2264 191
1556 2221 1843 2272 turundabis,

1094 2279 1392 2325 turunclabis.
1425 2279 1707 2323 turuncabis.
1746 2293 1842 2323 sur-

1094 2338 1215 2383 clare
1248 2343 1319 2383 est
1338 2338 1464 2393 quod
1480 2339 1726 2389 surculam,
1746 2352 1842 2382 sur-

1094 2398 1196 2441 culo
1257 2397 1448 2452 alligare
1496 2398 1597 2448 207,
1650 2393 1842 2453 infigere

1091 2458 1193 2507 319,
1226 2461 1278 2501 ut
1309 2457 1484 2512 sirpare
1517 2461 1590 2501 est
1621 2457 1843 2511 sirpicula

1093 2515 1300 2571 alligare,
1333 2521 1475 2570 utque
1513 2516 1782 2571 pampinare
1813 2528 1843 2558 a

1091 2575 1327 2630 pampino,
1385 2587 1569 2619 ruscare
1616 2587 1645 2617 a
1690 2587 1838 2618 rusco.

1092 2634 1269 2677 surelus
1318 2647 1352 2677 s.
1401 2634 1609 2678 surculus
1658 2638 1729 2677 est
1771 2646 1840 2676 ra-

1092 2693 1343 2743 musculus,
1396 2693 1578 2748 spinula
1627 2692 1842 2736 lanceola

1094 2756 1141 2796 et
1159 2751 1414 2807 cuspidula‚
1441 2765 1692 2808 coquorum
1708 2751 1839 2806 spess,

1093 2810 1373 2866 spiesschen.

1181 2871 1241 2914 ad
1291 2871 1391 2916 184.
1451 2869 1839 2925 praecoquiis
