2066 3276
334 247 438 300 110
925 243 1025 288 Lib.
1050 242 1104 285 V.
1169 243 1382 298 Ospreos.

443 377 564 430 204.
622 376 1018 429 Conciclam
1073 374 1409 442 depisam:
1465 374 1689 442 simplici
1742 373 1912 441 pisam

332 467 544 516 coques,
587 466 702 502 cum
744 449 1164 516 despumaveriS,
1209 447 1519 500 fasciculum
1558 448 1703 515 porri
1736 452 1786 499 et
1827 464 1912 498 co-

330 523 529 576 riandri
561 523 735 575 mittis.
780 522 905 573 dum
933 522 1191 588 coquitur,
1233 528 1373 573 teres
1401 521 1571 587 piper,
1612 520 1913 586 ligisticum,

332 598 625 663 origanum,
667 596 969 662 feniculum,
1027 595 1094 647 de
1134 611 1227 646 suo
1283 594 1381 646 sibi
1432 593 1665 658 fricabiS,
1721 593 1916 644 suffun-

332 670 414 723 dis
456 670 735 736 vliquamen
790 674 840 721 et
891 668 1230 736 temperabis,
1291 667 1451 718 mittis
1501 669 1555 718 in
1610 668 1914 731 caccabum,

331 760 492 812 super
530 743 732 796 adicies
773 743 945 795 oleum
987 747 1039 794 et
1076 742 1218 794 lento
1254 741 1365 807 igni
1392 740 1597 792 ferveat
1624 745 1675 792 et
1700 739 1915 791 inferes.

446 818 569 870 205.
596 816 927 869 Concicla
954 813 1458 868 commodiana:
1498 813 1671 881 pisam
1700 828 1917 879 coques„

333 907 453 945 cum
493 890 911 958 despumaveriS,
952 894 1092 942 teres
1132 888 1301 958 piper,
1331 887 1633 954 ligisticum,
1688 892 1917 951 anetum,

334 982 523 1033 cepam
564 964 776 1030 siccam,
819 962 1078 1015 suffundis
1116 963 1400 1028 liquamen,
1442 961 1620 1013 vinum
1661 965 1712 1013 et
1750 960 1917 1026 liqua-

332 1038 473 1091 mine
512 1037 852 1106 temperabis.
895 1037 1054 1089 mittis
1093 1036 1147 1087 in
1188 1036 1489 1100 caccabum,
1542 1040 1596 1086 ut
1635 1035 1917 1099 combibat,

334 1111 532 1166 deinde
573 1128 675 1164 ova
715 1115 960 1178 quattuor
999 1111 1175 1163 solves
1202 1110 1254 1162 in
1285 1108 1588 1174 sextarium,
1629 1108 1780 1175 pisae
1805 1107 1916 1158 mit-

334 1186 418 1254 tis,
461 1185 650 1253 agitas
704 1185 864 1238 mittis
902 1184 956 1237 in
997 1201 1291 1250 cumanam,
1347 1182 1418 1235 ad
1456 1182 1636 1248 ignem
1672 1181 1827 1249 ponis
1868 1185 1922 1232 ut

335 1259 497 1313 ducat
537 1264 588 1312 et
625 1257 838 1312 inferes

448 1334 569 1385 206.
613 1332 781 1385 Aliter
821 1331 1115 1385 conciclam
1155 1329 1230 1382 sic
1271 1329 1469 1383 facies:
1513 1327 1765 1381 concides
1807 1327 1919 1395 pul-

335 1407 442 1459 lum
480 1406 791 1473 minutatim,
831 1405 1134 1471 liquamine,
1164 1404 1282 1456 oleo
1312 1409 1363 1455 et
1388 1402 1510 1455 vino
1542 1402 1765 1468 ferveat,
1799 1418 1920 1454 con-

337 1480 484 1534 cides
525 1497 731 1551 cepam,
774 1478 1110 1533 coriandrum
1149 1477 1420 1544 minutum,
1464 1477 1731 1529 cerebella
1773 1491 1921 1528 ener-

336 1627 441 1683 gis.
462 1652 510 1655 —
535 1630 594 1670 et
618 1639 736 1670 cum
756 1624 929 1668 bibat
947 1624 1080 1668 codd.

336 1700 437 1730 cum
479 1685 613 1728 Hum.
658 1685 835 1728 correxi
879 1698 935 1728 ex
983 1684 1082 1727 205.

1174 1624 1377 1675 vocavit,
1411 1623 1643 1678 Lamprid.
1663 1624 1708 1666 in
1737 1623 1835 1667 vita
1855 1625 1924 1668 11.

1174 1684 1359 1738 pisam
1393 1682 1599 1737 depisam
1630 1683 1729 1725 202.
1751 1682 1848 1725 204,
1872 1708 1924 1712 —

336 1745 435 1789 256.
469 1745 569 1787 301.
603 1744 705 1787 320.

425 1802 603 1846 adl-204.
641 1816 691 1846 c.
718 1802 785 1846 de
809 1801 940 1856 pisa
963 1801 1086 1844 sim=

336 1877 365 1918 p
383 1862 492 1906 lici
524 1862 660 1905 codd.
681 1861 742 1904 ad
768 1874 920 1904 meum
956 1860 1087 1913 „sim-

337 1921 472 1977 plici“
524 1921 688 1976 supple
731 1920 806 1964 vel
850 1932 1086 1974 oenogaro

339 1981 437 2024 107.
485 1980 584 2024 140.
631 1980 727 2022 147.
773 1979 849 2023 vel
881 1979 993 2028 iure,
1036 1982 1088 2021 ut

335 2040 393 2083 sit
438 2039 536 2082 sine
584 2039 763 2089 tritura,
811 2038 886 2081 vel
929 2037 1086 2080 modo.

341 2096 398 2142 cf.
435 2097 610 2141 minore
632 2099 727 2140 119.
763 2095 898 2140 fusile
925 2096 1010 2138 120
1033 2121 1087 2127 -

339 2157 607 2212 depisam
692 2156 891 2211 pisatam
972 2157 1091 2208 (erat

339 2217 480 2260 etiam
525 2215 716 2259 verbum
755 2214 924 2269 pisam,
972 2213 1090 2257 Non.

337 2288 381 2331 p.
417 2275 546 2328 111.)
581 2272 637 2318 cf.
672 2273 733 2316 ad
755 2274 854 2316 202.
889 2273 1093 2327 despu—

338 2347 466 2377 mav
487 2333 605 2377 erit
637 2332 769 2376 codd.
803 2337 990 2387 praeter
1021 2331 1091 2374 ed.

338 2406 406 2448 pr.
453 2393 552 2436 193.
604 2417 659 2423 —
708 2391 776 2435 de
827 2405 930 2435 suo
979 2389 1092 2434 sibi

340 2452 438 2495 147.
459 2476 513 2483 —
546 2449 886 2495 feniculum
919 2450 1097 2500 ex201,

339 2523 424 2566 pro
478 2509 858 2554 fasciculum.
910 2533 964 2538 .„
1019 2508 1092 2551 li-

342 2569 614 2625 quamine
646 2573 814 2623 temp.
851 2566 985 2611 codd.

430 2627 492 2672 ad
525 2629 623 2672 205.
681 2626 962 2672 Commodus
995 2625 1093 2669 An-

341 2686 529 2733 toninus
546 2721 555 2739 ‚
619 2687 759 2730 Marci
820 2685 1095 2740 Philosophi

341 2744 480 2799 filius,
498 2759 672 2803 genera
689 2745 970 2800 leguminum
990 2757 1095 2788 coc-

342 2812 495 2852 torum
528 2806 588 2850 ad
621 2805 882 2849 convivium
904 2808 1096 2858 propter

343 2866 552 2915 luxuriae
596 2863 988 2909 continuationem
1027 2877 1095 2907 re-

1176 1742 1517 1796 despumav.
1565 1742 1661 1784 193.
1710 1767 1762 1770 —
1807 1754 1926 1784 cum

1176 1801 1351 1845 bibat
1389 1804 1429 1848 fi,
1475 1801 1572 1842 203.
1620 1825 1671 1828 ——
1717 1800 1926 1855 agitas

1178 1860 1372 1903 mittis
1406 1872 1492 1902 om.
1530 1859 1601 1902 ed.
1634 1871 1700 1912 pr.
1734 1884 1784 1887 —
1819 1870 1929 1902 ova

1180 1932 1230 1973 q.
1264 1932 1296 1961 s.
1333 1917 1383 1960 in
1417 1923 1560 1960 sext.
1595 1917 1696 1960 306.
1741 1942 1793 1946 -—
1840 1917 1927 1972 pi-

1179 1990 1271 2021 sae
1304 1977 1349 2019 in
1380 1978 1544 2030 pisam.
1566 2001 1620 2006 ——
1654 1975 1928 2019 ducatius

1182 2037 1281 2079 140.
1317 2035 1525 2078 conciola
1559 2035 1771 2090 coquitur
1790 2035 1834 2076 in
1854 2047 1928 2077 cu-

1180 2107 1307 2138 mara
1339 2094 1438 2136 203.
1474 2099 1524 2136 ut
1556 2094 1625 2137 ius
1654 2093 1699 2136 in
1729 2093 1928 2136 caccabo

1181 2157 1394 2209 paratum
1457 2152 1719 2196 combibere
1766 2152 1930 2207 possit,

1184 2227 1239 2256 eo
1272 2212 1470 2255 mittitur
1511 2211 1667 2266 ibique
1707 2212 1807 2254 ovis
1840 2211 1929 2254 dis-

1184 2271 1350 2315 solutis
1388 2271 1458 2314 ius
1497 2270 1704 2326 agitatur
1737 2274 1783 2313 et
1817 2269 1931 2313 obli-

1185 2335 1335 2387 gatur,
1370 2334 1421 2372 ut
1451 2330 1585 2384 plene
1610 2329 1742 2372 simul
1763 2341 1932 2384 coqua-

1186 2396 1274 2440 tur,
1321 2392 1472 2432 totum
1518 2389 1564 2432 in
1610 2388 1810 2442 priorem
1858 2400 1932 2430 cu-

1187 2460 1368 2492 manam
1401 2448 1665 2491 remittitur.

1273 2506 1334 2550 ad
1365 2507 1466 2549 206.
1501 2519 1559 2549 an
1591 2505 1930 2549 farcies?—

1184 2566 1354 2610 levas
1388 2579 1503 2608 corr.
1539 2578 1623 2621 pro
1651 2565 1841 2607 lavas.
1877 2589 1931 2595 -

1184 2625 1266 2669 ibi
1314 2624 1514 2668 deinde?
1571 2637 1629 2667 an
1686 2623 1785 2666 ubi
1833 2635 1933 2666 cum

1184 2697 1282 2739 pur.
1331 2685 1358 2727 i.
1410 2697 1448 2727 e.
1496 2684 1541 2726 in
1587 2683 1668 2726 illo
1715 2682 1844 2725 iure?
1878 2707 1931 2711 —

1187 2743 1493 2787 conditam
1539 2743 1585 2785 in
1632 2754 1723 2785 uno
1770 2744 1801 2791 β
1848 2753 1933 2795 pro

1187 2802 1482 2846 conditas.
1503 2828 1556 2833 —-
1587 2799 1934 2857 angularem

1188 2876 1243 2905 ex
1293 2861 1389 2903 194.
1434 2862 1520 2904 265
1594 2875 1678 2917 pro
1734 2858 1949 2904 conci--
