2066 3276
281 259 349 313 12
952 262 1202 309 Praefatio.

211 435 214 439 -
276 396 609 465 praescripto
651 414 757 450 non
798 397 963 450 audet
1002 397 1203 465 egredi.
1244 403 1512 466 postremo
1554 401 1696 455 scias
1738 402 1870 457 infe-

276 488 393 542 licis
444 506 562 543 esse
615 489 813 556 ingenii
866 488 995 541 nihil
1035 507 1067 541 a
1107 505 1163 542 se
1204 506 1466 556 promere,
1509 506 1721 559 semper
1759 492 1871 544 imi-

277 578 391 632 tari.
436 596 572 645 quae
613 579 831 632 stultitia
873 584 1029 645 esset,
1074 596 1191 632 cum
1231 582 1337 630 tam
1378 579 1526 632 varia
1567 581 1670 632 sint
1707 580 1871 633 homi-

276 685 400 719 num
438 668 673 735 ingenia,
714 673 821 720 tam
863 668 1182 736 multiplices
1212 673 1449 734 naturae,
1490 673 1597 720 tam
1628 668 1873 723 diversae

275 756 413 809 inter
465 773 523 810 se
575 757 892 825 voluntateS,
946 775 1038 811 eas
1078 758 1216 810 velle
1267 757 1416 810 unius
1466 757 1669 824 ingenii
1709 775 1873 826 angu-

278 845 390 899 stiis
442 846 704 914 adstringi
747 852 797 900 et
836 852 1090 914 tanquam
1129 846 1441 914 praefiniri?
1500 847 1675 900 scribo
1731 847 1873 915 quod

277 935 467 1003 sentiO,
509 936 678 990 sentio
721 937 863 1006 quod
903 936 1093 1003 scrib0‚
1137 935 1426 990 concordat
1474 937 1712 989 calamus
1756 954 1873 990 cum

279 1025 458 1093 corde,
515 1026 699 1094 lingua
753 1043 869 1079 cum
911 1027 1102 1078 animo.
1164 1026 1239 1078 sic
1280 1025 1414 1078 haec
1455 1025 1526 1078 ad
1566 1025 1875 1097 Te‘scn’psi

277 1118 385 1167 tum
425 1102 650 1169 ultuario
705 1116 823 1168 stilo
878 1132 944 1168 ac
984 1115 1260 1168 licentiore
1303 1114 1546 1183 epistola.
1592 1115 1874 1168 excusabis

277 1203 480 1271 ingenii
520 1209 719 1258 motum
760 1221 916 1272 quem
959 1203 1203 1257 celeritas
1243 1209 1507 1257 maturare
1547 1221 1654 1257 non
1687 1204 1871 1273 potuit.

277 1294 439 1346 malui
478 1299 659 1348 tamen
699 1294 834 1347 haec
870 1310 1219 1362 quaecunque
1256 1298 1433 1346 essent
1468 1293 1537 1346 ad
1562 1294 1640 1347 Te
1667 1294 1874 1348 mittere

279 1398 436 1448 quam
479 1383 672 1436 diutius
713 1402 746 1436 a
786 1400 870 1436 me
912 1382 1139 1435 officium
1168 1381 1476 1435 desiderari.
1522 1382 1874 1451 colophonem

276 1470 474 1524 addam
527 1472 777 1539 nondum,
831 1471 1071 1540 quamvis
1126 1475 1279 1538 grata
1333 1471 1564 1524 brevitas
1615 1476 1666 1525 et
1703 1473 1875 1524 Tuum

276 1560 396 1613 Tibi
436 1578 644 1613 narrem
686 1560 962 1614 somnium.
1006 1561 1073 1612 ab
1115 1559 1380 1626 unguibus
1419 1560 1798 1631 incipiendum.

390 1650 547 1704 Creta
599 1651 780 1702 notavi
825 1650 971 1702 illum
1013 1650 1153 1702 diem
1196 1654 1247 1702 et
1288 1648 1481 1703 unione
1523 1651 1729 1718 signavi
1770 1668 1872 1717 quo

275 1740 355 1793 Te
395 1740 565 1792 virum
603 1740 743 1807 frugi
785 1740 1014 1807 cognovi
1058 1744 1110 1792 et
1148 1739 1461 1792 immensam
1505 1756 1635 1807 erga
1674 1740 1871 1793 studio-

280 1845 368 1882 sos
403 1845 642 1896 quosque
676 1829 846 1881 Tuam
881 1829 1263 1896 benignitatem
1294 1845 1430 1895 quae
1458 1846 1550 1882 eos
1579 1834 1871 1897 permovet,

274 1917 437 1985 fovet,
492 1923 668 1971 tuetur
715 1923 1054 1986 perspectam
1095 1918 1271 1972 habui.
1325 1919 1380 1970 in
1420 1917 1660 1970 noctibus
1701 1918 1872 1971 atticis

277 2007 601 2061 eruditorum
639 2008 871 2060 virorum
913 2007 1249 2060 coenantium
1284 2007 1370 2075 qui
1400 2005 1872 2077 deipnosophistae

276 2097 499 2150 audiunt
537 2114 713 2150 mores
754 2097 922 2150 secuti
962 2102 1178 2165 praeter
1218 2096 1357 2149 seria
1396 2096 1543 2150 iocos
1571 2096 1760 2149 multas
1788 2113 1870 2150 su-

272 2203 373 2255 per
413 2186 787 2240 diversissimis
829 2186 1154 2253 argumentis
1197 2185 1582 2254 disputationes
1621 2185 1675 2237 in
1702 2185 1872 2252 iisque

274 2292 382 2327 non
418 2292 621 2343 paucas
652 2275 936 2328 occasione
967 2280 1125 2346 capta
1159 2293 1191 2327 a
1232 2274 1390 2327 variis
1423 2274 1618 2344 patinis
1647 2274 1870 2328 subinde

273 2364 433 2416 illatis
485 2364 782 2430 habuimUS‚
840 2363 1181 2416 disseruimus
1234 2369 1343 2415 tum
1398 2364 1465 2416 de
1513 2363 1870 2417 instrumentis

277 2453 655 2519 coquinatoriis
697 2458 749 2506 et
791 2453 1026 2519 escariis,
1066 2458 1173 2505 tum
1216 2452 1283 2504 de
1323 2452 1522 2504 iuribus
1577 2457 1628 2504 et
1666 2453 1868 2520 impen-

274 2541 363 2608 εἰς,
417 2546 526 2594 tum
569 2543 636 2595 de
676 2542 855 2596 indice
897 2544 1134 2596 ciborum
1175 2559 1385 2609 quoque
1428 2541 1612 2594 ordine
1654 2542 1756 2594 sint
1794 2542 1869 2593 in-

274 2631 366 2684 lati
420 2648 592 2700 quave
644 2631 848 2684 ratione
902 2632 1145 2685 dulcibus
1199 2631 1329 2684 cibis
1381 2647 1532 2683 acres
1578 2635 1869 2698 acutosque

272 2719 581 2772 miscuerint
619 2724 675 2771 ut
715 2721 933 2773 obtusus
972 2721 1074 2787 illis
1124 2725 1176 2773 et
1216 2721 1406 2773 oblitus
1448 2719 1748 2772 stomachus
1786 2718 1868 2771 his

274 2809 595 2862 excitaretur
648 2814 881 2876 quotque
935 2810 1282 2862 instrumenta
1325 2809 1483 2876 gulae
1524 2808 1611 2860 vel
1649 2807 1866 2874 ingenio

275 2898 512 2965 cogitata
550 2899 654 2951 sint
691 2898 779 2951 vel
818 2898 992 2951 studio
1036 2898 1298 2966 confecta,
1341 2898 1551 2950 omnino
1593 2896 1661 2950 de
1698 2896 1865 2966 hedy-
