2066 3276
687 225 786 270 Lib.
822 225 946 269 VIII.
1010 221 1252 280 Tetrapus.

1666 222 1766 277 161

293 360 415 413 341.
474 361 588 411 Ius
638 359 705 410 in
759 375 995 412 cervo:
1049 362 1189 410 teres
1240 356 1410 424 piper,
1463 354 1767 423 ligisticum,

183 450 413 499 careum,
457 433 750 500 origanum,
792 433 885 500 aQ
921 448 1121 497 semen,
1170 430 1359 483 lasaris
1398 428 1653 496 radicem,
1692 428 1769 481 fe-

181 507 341 559 niculi
381 523 581 572 semen,
621 505 855 571 fricabiS,
911 505 1182 558 suffundes
1232 503 1517 572 liquamen,
1570 502 1768 569 vinum,

182 597 415 647 passum,
460 581 633 633 oleum
672 579 953 632 modicum.
998 595 1116 632 cum
1155 577 1424 644 fervuerit,
1466 577 1642 628 amolo
1678 577 1768 630 ob-

182 654 335 719 ligas.
380 671 591 706 cervum
633 657 840 705 coctum
880 653 1015 704 intro
1056 651 1200 704 foras
1239 656 1430 717 tanges
1473 655 1524 703 et
1549 648 1766 703 inferes,

295 728 419 780 342.
468 729 530 778 In
569 727 839 794 platonem
893 726 1131 778 similiter
1183 729 1235 777 et
1283 724 1339 776 in
1392 741 1547 776 omne
1601 740 1771 791 genus

184 800 480 853 venationis
524 800 713 852 eadem
755 799 1034 852 conditura
1074 798 1250 852 uteris,

296 875 419 926 343.
462 874 630 925 Aliter
670 890 882 925 cervum
919 871 1143 925 elixabis
1180 876 1231 925 et
1265 870 1587 923 subassabiS.
1629 875 1770 924 teres

184 948 354 1017 piper,
395 947 696 1013 ligisticum,
740 963 970 1012 careum,
1001 945 1317 1019 aQscmen,
1347 943 1623 998 suffundes
1647 945 1770 1012 mel,

184 1026 410 1087 acetum,
453 1021 735 1086 liquamen,
791 1021 982 1073 oleum.
1039 1019 1358 1073 calefactum
1411 1019 1587 1071 amolo
1643 1018 1771 1071 obli-

182 1111 280 1161 gas
323 1101 375 1147 et
414 1110 626 1147 carnem
666 1092 971 1162 perfundes

298 1169 424 1225 344.
463 1169 552 1221 Ius
591 1168 646 1220 in
687 1184 872 1221 cervo:
925 1168 1096 1236 piper,
1137 1165 1438 1234 ligisticum,
1490 1165 1770 1234 cepullam,

186 1242 478 1309 origanum,
520 1243 757 1309 nucleOS,
788 1242 1032 1309 cariotaS,
1068 1242 1188 1309 mel,
1218 1240 1505 1308 liquamen,
1547 1256 1771 1310 senape,

184 1321 410 1383 acetum,
452 1317 642 1370 oleum.

297 1392 420 1443 345.
465 1390 726 1443 Cervinae
768 1388 1074 1443 conditura:
1118 1390 1287 1461 piper,
1331 1388 1598 1456 ciminum,
1652 1405 1774 1443 con-

187 1463 491 1531 dimentum,
550 1462 969 1535 [petrosilinumL
1024 1481 1231 1532 cepam,
1284 1467 1471 1530 rutam,
1525 1468 1774 1530 mentam,

185 1538 305 1604 mel,
347 1539 634 1607 liquamen,
676 1554 911 1605 passum,
955 1554 1243 1590 caroenum
1285 1541 1336 1590 et
1379 1538 1554 1590 oleum
1606 1536 1775 1589 modi-

188 1628 321 1663 cum.
365 1613 538 1664 amolo
581 1612 788 1678 obligas
832 1628 948 1664 cum
989 1612 1092 1664 iam
1135 1611 1299 1664 bullit.

299 1687 421 1739 346.
463 1687 588 1738 Iura
627 1685 889 1738 ferventia
926 1685 980 1737 in
1021 1702 1208 1738 cervo:
1259 1684 1430 1755 piper,
1471 1683 1775 1753 ligisticum,

186 1760 576 1826 petrosilinum,
632 1759 895 1826 ciminum,
962 1758 1263 1826 suffundeS,
1329 1759 1549 1812 nucleos
1601 1763 1772 1812 tostos

188 1904 338 1950 fresne
371 1906 423 1949 Τ.
457 1906 523 1950 VI
562 1919 604 1962 p.
640 1907 740 1950 933.
775 1906 860 1950 col.
897 1906 935 1949 1.

190 1990 242 1995 --
283 1965 548 2008 mirinam
592 1979 690 2020 par.
734 1966 796 2009 ad.
837 1966 936 2009 331.

189 2024 533 2068 cul-ionibus
565 2023 640 2079 γὸζ
671 2025 743 2069 ed.
776 2039 843 2080 pr.
869 2028 938 2068 tu-

188 2083 339 2126 riones
386 2083 503 2127 lauri
551 2090 598 2128 et
639 2097 714 2140 ap.
759 2084 940 2128 Colum.

192 2143 261 2193 12,
284 2143 355 2193 50,
378 2144 418 2186 5.
443 2142 807 2198 stockknospen,
824 2157 940 2186 wur-

190 2201 424 2252 zeltriebe,
458 2201 682 2246 schosse‘?
723 2206 831 2246 sunt
864 2203 940 2258 qui

1028 1910 1195 1950 natura
1225 1904 1453 1950 schaufler
1492 1906 1660 1950 dicitur
1701 1906 1781 1950 da—

1028 1979 1103 2009 ma
1128 1978 1155 2008 a
1179 1965 1426 2009 latitudine
1446 1978 1663 2009 cornuum
1682 1966 1780 2021 pla-

1029 2030 1110 2069 ton
1144 2024 1302 2068 vocari
1334 2029 1538 2080 poterat,
1570 2029 1622 2068 ut
1653 2025 1731 2069 ille
1753 2037 1782 2068 a

1029 2084 1277 2127 latitudine
1340 2084 1541 2138 pectoris
1612 2084 1782 2128 Platon

1031 2143 1110 2198 (ad
1141 2143 1278 2198 Diog.
1314 2144 1465 2186 Laert.
1511 2143 1553 2194 3,
1585 2143 1627 2187 4.
1669 2144 1782 2187 Her-

1031 2215 1166 2246 mann
1209 2201 1328 2245 Plat.
1362 2201 1624 2257 philosoph.
1671 2203 1693 2245 1
1738 2216 1782 2258 p.

188 2260 350 2304 ramuli
369 2262 468 2305 331.
488 2261 642 2305 laurus
662 2262 820 2306 viridis
836 2262 938 2305 379.

191 2320 289 2363 cius
322 2321 469 2364 teneri
500 2321 748 2364 ramusculi
788 2325 941 2364 staen-

190 2378 299 2434 gel?

279 2437 340 2481 ad
371 2436 470 2480 342.
514 2450 599 2492 pro
634 2437 843 2482 codicum
887 2438 943 2480 in

190 2496 433 2551 platone
475 2497 546 2540 ed.
598 2511 665 2552 pr.
708 2497 945 2552 glossema

191 2556 249 2597 in
320 2555 709 2612 platycerote
787 2555 944 2604 habet.

193 2614 322 2670 quod
370 2615 581 2659 animalis
622 2628 787 2659 nomen
832 2615 945 2658 alibi

193 2687 376 2729 quoque
424 2687 665 2729 perperam
713 2673 944 2726 scribitur,

192 2733 307 2775 Plin.
345 2735 414 2783 11,
450 2735 547 2777 123.
591 2734 720 2778 Varr.
756 2736 797 2786 2,
833 2734 871 2785 1,
905 2735 944 2776 5.

194 2805 294 2836 cum
326 2791 536 2836 Schneid.
570 2807 722 2837 nonne
754 2807 863 2837 vero
897 2796 949 2836 ut

194 2852 493 2896 venatoribus
550 2853 721 2896 nostris
779 2865 807 2896 a
866 2864 949 2896 sua

240 2926 278 2958 C.
304 2926 458 2968 Apicius
484 2928 540 2958 ed.
566 2927 723 2959 Schuch.

1031 2263 1103 2313 92,
1158 2261 1269 2314 31)?
1328 2286 1383 2293 —
1441 2261 1783 2307 venationis

1033 2320 1181 2364 carnis
1213 2318 1385 2364 ferinae
1415 2320 1517 2364 332.
1550 2345 1605 2352 —

1122 2378 1183 2422 ad
1214 2378 1315 2424 345.
1350 2379 1784 2424 condimentum

1035 2442 1107 2483 est
1127 2438 1457 2493 petroselinum
1486 2439 1543 2481 56
1588 2439 1786 2483 bulliit

1035 2501 1066 2549 β
1096 2496 1152 2540 Η.
1185 2497 1412 2541 bulloit
1443 2514 1478 2553 γ.
1512 2498 1612 2542 350.

1125 2555 1186 2598 ad
1218 2556 1317 2600 346.
1353 2555 1662 2602 suffundes
1694 2571 1786 2602 me-

1035 2629 1133 2659 rum
1165 2616 1264 2659 337.
1300 2615 1408 2660 vino
1432 2616 1532 2660 352.
1556 2615 1786 2672 perfun—

1038 2675 1137 2718 des
1170 2675 1241 2719 ed.
1280 2687 1347 2730 pr.
1392 2701 1445 2704 —
1486 2689 1571 2731 pro
1614 2677 1787 2720 rariore

1037 2747 1153 2778 voce
1211 2734 1567 2779 embambam
1622 2735 1789 2779 lacuna

1039 2797 1112 2837 est
1141 2794 1187 2836 in
1222 2796 1290 2837 θ’κ.
1325 2793 1446 2838 forte
1479 2807 1580 2837 cum
1607 2794 1790 2851 aliquot

1039 2852 1169 2896 libris
1224 2853 1430 2897 lemmati
1479 2853 1788 2907 tribuendum,

1503 2943 1577 2998 ‚11
