2066 3276
701 237 800 282 Lib.
831 236 954 281 VIII.
989 236 1235 293 Tetrapus.
1652 239 1757 291 179

279 373 403 425 387.
446 373 519 424 In
559 372 877 442 porcello
917 371 1266 435 lactente:
1308 370 1512 442 piperis
1551 387 1671 423 unc.
1710 371 1754 423 Ι.

166 446 275 498 vini
316 445 560 512 eminam,
616 445 719 498 olei
759 445 941 514 optimi
980 445 1335 512 acetabulum,
1390 444 1531 498 aceti
1579 448 1756 497 aceta-

167 521 346 572 bulum
386 519 571 571 minus,

279 594 402 645 388.
444 593 841 645 Porcellum
870 591 1425 645 coriandratum:
1457 608 1609 645 assas
1636 609 1756 660 por-

169 667 360 720 cellum
394 666 692 733 diligenter.
742 665 910 719 facies
957 666 1261 718 mortarium
1309 666 1508 719 siccum
1554 666 1610 719 in
1651 683 1755 734 quo

166 745 306 794 teres
352 740 523 810 piper,
577 743 807 805 anetum,
863 739 1156 807 origanum,
1211 739 1547 792 coriandrum
1586 740 1756 794 viride

167 814 449 879 admisceS,
503 814 624 880 mel,
677 814 872 880 vinum,
931 814 1215 880 liquamen,
1277 814 1467 880 oleum,
1527 819 1755 882 acetum,

168 887 460 941 defrictum.
515 892 647 939 haec
696 887 874 939 omnia
925 886 1187 940 calefacta
1235 886 1526 955 perfundes
1576 895 1628 942 et
1675 905 1758 941 as-

166 961 349 1032 pargis
381 977 537 1013 uvam
570 976 804 1030 passam,
845 961 1065 1014 nucleos
1100 963 1290 1034 pineos
1326 967 1378 1015 et
1411 978 1602 1033 cepam
1636 979 1758 1016 con-

167 1035 331 1088 cisam
372 1039 423 1088 et
461 1034 538 1088 sic
576 1034 791 1088 inferes

278 1110 401 1162 389.
462 1109 860 1162 Porcellum
899 1126 1072 1162 aeno
1125 1113 1423 1163 coctum:
1465 1110 1759 1178 porcellum

167 1182 418 1255 accipieS,
461 1182 691 1251 ornabiS,
734 1199 933 1253 coques
966 1183 1021 1236 in
1056 1184 1174 1237 oleo
1211 1188 1262 1237 et
1292 1182 1597 1251 liquamine.
1641 1201 1760 1239 cum

166 1331 367 1383 salzen“,
404 1330 566 1385 „salis“
588 1334 660 1375 est
687 1343 778 1376 sec.
795 1344 915 1387 pers.

1008 1335 1113 1376 tans
1146 1343 1265 1388 quae
1307 1331 1382 1376 lac
1422 1330 1632 1387 praebet,
1666 1331 1758 1376 lac-

169 1397 218 1436 et
253 1394 528 1447 „quantum“
564 1391 592 1434 i.
627 1403 669 1446 q.
704 1390 750 1434 in
784 1404 826 1447 q.
864 1415 915 1421 —-

1008 1395 1112 1435 tens
1170 1391 1243 1435 cui
1298 1390 1594 1446 praebetur“,
1651 1392 1760 1436 inde

167 1451 222 1494 in
266 1455 376 1495 ante
421 1450 617 1503 „ollam“
665 1463 753 1494 om.
789 1449 917 1506 quin-

169 1523 270 1566 que.
306 1509 361 1553 cf.
395 1509 496 1553 419.
533 1535 585 1539 —
618 1509 918 1560 siccumssu

168 1569 240 1614 ed.
285 1583 351 1624 pr.
394 1569 449 1612 H.
494 1567 616 1612 forte
648 1582 820 1619 verum,
859 1567 915 1612 cf.

168 1628 268 1672 245.
302 1628 401 1671 380.
435 1628 536 1671 376.
562 1653 615 1659 —
649 1627 805 1671 malim
839 1627 917 1672 de-

167 1689 304 1743 nique
336 1687 498 1730 salso
531 1691 828 1731 recentem
857 1686 916 1730 ab

168 1748 269 1802 ipso
303 1746 441 1796 salso,
474 1750 526 1789 ut
557 1745 706 1790 Varro
741 1747 783 1797 2,
815 1746 856 1798 8,
876 1746 916 1789 2.

169 1806 287 1849 dixit
317 1805 496 1860 „pullus
514 1817 542 1848 a
559 1809 696 1860 partu
714 1807 917 1856 recens“,

169 1865 264 1910 Cic.
296 1865 358 1907 ad
401 1863 506 1907 Att.
543 1865 611 1915 16,
648 1865 672 1907 7
705 1865 764 1908 in.
811 1863 918 1917 „ho-

171 1925 315 1967 mines
338 1923 491 1967 Roma
518 1927 772 1975 recentcs“‚
805 1923 918 1968 Ver-

169 1983 247 2039 gil.
282 1983 323 2034 6,
339 1982 439 2026 450.
477 1995 662 2036 „recens
685 1982 919 2027 avulnere

170 2042 337 2087 Did0“.
371 2041 551 2098 τάριχον
583 2043 804 2098 ἡμίνηρον,
849 2043 921 2086 cui

171 2100 423 2156 opponitur
464 2103 630 2151 τέλειος,
672 2101 817 2146 habes
846 2114 919 2157 ap.

171 2160 343 2204 Athen.
363 2161 404 2211 3,
423 2161 495 2205 85.
514 2161 583 2204 88.
604 2161 661 2204 de
680 2161 804 2205 salso
821 2162 918 2204 109.

261 2220 321 2263 ad
339 2219 436 2262 387.
463 2233 563 2263 cum
580 2220 812 2275 porcellus
829 2220 921 2264 lac-

172 2284 273 2323 tens
306 2278 396 2322 h.l.
431 2284 727 2331 memoretur,
761 2292 922 2323 omnes

172 2338 434 2394 superiores
452 2338 732 2383 maiusculac
749 2338 922 2382 bestio-

174 2397 246 2441 lae
294 2396 437 2441 fuisse
484 2397 712 2442 videntur.
764 2423 817 2429 —-
866 2398 923 2440 in

174 2471 260 2500 om.
297 2455 420 2500 florr.
456 2482 509 2488 —
553 2457 822 2501 lactante
853 2461 921 2512 βγ.

173 2516 453 2560 lactente
512 2516 650 2560 etiam
709 2516 753 2559 in
820 2517 921 2560 cod.

173 2575 359 2620 salmas.
382 2576 481 2619 391.
505 2575 737 2628 „lactans“
760 2581 925 2619 contra

173 2636 219 2678 in
251 2635 404 2678 Edict.
438 2635 586 2679 Diocl.
620 2635 672 2686 4,,
694 2635 767 2679 46.
801 2634 923 2679 facio

174 2708 275 2738 011111
308 2694 525 2738 Simeone
557 2693 688 2739 Sethi
713 2694 789 2750 qui
811 2694 925 2739 dicit

172 2753 392 2809 porculos
446 2767 606 2798 recens
654 2759 792 2798 natos
840 2768 924 2798 suo

174 2819 383 2868 tempore
410 2813 803 2861 λακτεντοπούλους
825 2827 925 2859 esse

176 2872 328 2916 dictos
363 2877 410 2916 et
454 2887 554 2916 011111
599 2874 769 2928 Papia:
807 2874 924 2927 „lac-

1007 1450 1233 1494 lactantia
1271 1451 1371 1494 306.
1416 1450 1647 1495 lactantes
1680 1463 1761 1506 pa-

1008 1509 1149 1564 pillae
1206 1521 1279 1565 ap.
1341 1509 1532 1554 Cinnam
1592 1510 1760 1554 Isidori

1011 1570 1079 1620 19,
1112 1569 1184 1619 33,
1206 1570 1259 1613 .3.
1294 1568 1437 1613 ubera
1461 1569 1687 1613 lactantia
1715 1574 1763 1614 et

1008 1628 1232 1671 lactentia
1288 1640 1361 1683 ap.
1421 1627 1578 1673 Seren.
1639 1628 1761 1673 Sam.

1008 1686 1112 1733 349.
1159 1690 1207 1731 et
1246 1687 1313 1731 sic
1356 1686 1452 1732 fere
1492 1688 1761 1743 scriptores,

1010 1746 1114 1790 libri
1148 1750 1273 1790 certe
1306 1748 1491 1791 variant
1523 1752 1571 1791 et
1613 1747 1762 1792 edito-

1009 1818 1097 1849 res.
1129 1829 1187 1835 —
1218 1806 1408 1850 minus
1441 1807 1540 1849 241.

1098 1864 1160 1907 ad
1205 1865 1307 1908 388.
1379 1878 1436 1909 ea
1483 1865 1763 1921 compositio

1011 1937 1112 1968 cum
1155 1936 1283 1980 seqq.
1328 1923 1390 1967 ad
1431 1924 1532 1968 394.
1576 1937 1634 1968 ex
1673 1925 1764 1968 Ex-

1011 1987 1154 2040 cerpt.
1199 1983 1302 2027 cod.
1354 1983 1542 2028 salmas.
1596 1984 1764 2028 corio

1011 2044 1066 2086 in
1080 2047 1233 2086 strat
1247 2056 1332 2086 um
1364 2043 1424 2087 ab
1443 2043 1647 2099 asparsis
1664 2043 1764 2098 plu-

1012 2102 1139 2146 ribus
1171 2101 1308 2146 rebus
1340 2115 1425 2157 pro
1461 2102 1562 2146 cod.
1607 2115 1764 2158 porc.

1013 2174 1037 2205 0
1050 2162 1077 2205 o
1092 2162 1139 2204 ri
1152 2173 1179 2203 a
1192 2175 1219 2204 11
1235 2161 1264 2204 (1
1278 2174 1339 2205 ra
1352 2167 1371 2205 t
1385 2175 1414 2205 u
1470 2161 1765 2206 scribendum

1013 2220 1122 2264 olim
1157 2221 1326 2265 censui.
1371 2221 1439 2265 810
1472 2220 1765 2265 coriandrum

1012 2279 1159 2323 viride
1204 2292 1343 2334 super
1385 2280 1652 2336 aspergitur
1694 2280 1765 2323 83.

1013 2338 1117 2383 coll.
1163 2339 1261 2390 179,
1305 2340 1407 2384 292.
1451 2365 1505 2370 —
1549 2340 1765 2383 siceum

1014 2398 1178 2453 scripsi
1209 2411 1294 2453 pro
1327 2398 1411 2442 810
1453 2402 1506 2441 ut
1536 2399 1599 2442 sit
1642 2398 1767 2454 quod

1014 2457 1246 2509 mundum,
1275 2471 1453 2512 purum,
1471 2457 1589 2502 bene
1621 2458 1766 2502 lotum

1015 2530 1071 2561 cx
1115 2516 1213 2561 Cat.
1262 2516 1330 2560 74.
1376 2517 1494 2562 bene
1549 2517 1767 2561 emunda-

1014 2581 1126 2628 tum,
1172 2576 1347 2621 Colum.
1393 2578 1462 2629 12,
1507 2577 1578 2628 57,
1625 2579 1662 2619 1.
1712 2576 1770 2623 εἷς

1015 2639 1164 2676 θυείαν
1196 2634 1390 2692 καθαρὰν
1431 2640 1593 2692 τρίψον
1625 2635 1769 2693 Chry-

1015 2696 1132 2752 sipp.
1168 2708 1240 2751 ap.
1276 2695 1450 2740 Athen.
1489 2695 1558 2747 14,
1592 2695 1662 2739 57.

1106 2754 1167 2798 ad
1184 2755 1286 2799 389.
1314 2756 1370 2798 in
1394 2758 1647 2799 occuctu
1666 2754 1767 2798 cod.

1016 2815 1062 2858 in
1093 2815 1223 2859 brevi
1248 2815 1468 2866 ciborum,
1501 2827 1612 2859 uno
1646 2827 1769 2859 coc-

1017 2879 1077 2917 to
1110 2874 1153 2917 in
1187 2874 1336 2918 lemm.
1359 2874 1418 2918 ad
1452 2874 1552 2918 381.
1574 2898 1619 2903 ——
1647 2874 1770 2917 mit—
