2066 3276
678 228 778 275 Lib.
811 227 891 274 IV.
943 228 1230 289 PandecteS.
1668 224 1739 279 75

148 366 200 416 et
238 362 463 417 subinde
497 380 692 432 apuam
725 362 1039 432 baptizabis,
1084 379 1203 416 cum
1231 364 1385 415 cocta
1406 359 1580 428 fuerit,
1613 376 1737 430 pro-

145 436 274 491 icies
312 437 598 492 fasciculos
641 443 692 491 et
729 438 883 506 piper
922 437 1168 505 aspargis
1210 440 1261 489 et
1297 434 1513 489 inferes,

261 513 380 565 132.
435 513 687 565 Patina
742 512 821 565 de
874 528 1052 579 apua
1092 511 1244 563 sine
1285 526 1489 577 apua:
1542 509 1737 577 pulpas

145 585 308 653 piscis
361 587 468 640 assi
516 587 602 640 vel
644 586 768 640 elixi
806 585 1101 638 minutatim
1139 584 1310 638 facies
1347 585 1423 636 ita
1462 582 1736 637 abundan-

144 664 225 713 ter
276 665 332 712 ut
382 661 619 728 patinam
674 661 884 729 qualem
932 660 1081 711 voles
1120 659 1327 726 inplere
1366 658 1552 725 possit.
1594 662 1736 711 teres

144 734 300 802 piper
354 740 406 788 et
443 735 709 788 modicum
749 739 915 800 rutae,
958 732 1232 786 suffundes
1282 732 1555 798 liquamen
1594 731 1737 798 quod

143 809 272 862 satis
322 809 418 862 erit
472 814 523 862 et
574 809 676 862 olei
715 807 983 861 modicum
1033 811 1085 860 et
1124 806 1422 861 conmisces
1460 807 1516 859 in
1554 806 1739 875 patina

146 899 265 936 cum
306 883 499 951 pulpis,
550 883 626 936 sic
681 887 732 936 et
780 899 883 935 ova
923 881 1087 934 cruda
1128 880 1416 946 confracta,
1471 886 1527 933 ut
1578 897 1739 934 unum

144 974 335 1025 corpus
375 957 480 1010 fiat.
523 957 755 1026 desuper
792 956 982 1009 leniter
1023 971 1297 1024 conpones
1344 954 1543 1009 urticas
1582 955 1737 1008 mari-

142 1048 256 1097 naS‚
298 1036 360 1084 ut
396 1048 503 1085 non
543 1049 660 1085 cum
703 1031 817 1084 ovis
857 1031 1198 1084 misceantur.
1253 1030 1480 1098 inpones
1533 1029 1603 1082 ad
1644 1047 1734 1082 va-

141 1122 342 1176 porem,
384 1115 440 1159 ut
479 1123 598 1160 cum
639 1105 754 1159 ovis
792 1105 869 1159 ire
910 1105 1117 1175 possint
1167 1109 1218 1157 et
1259 1121 1377 1157 cum
1417 1103 1740 1158 siccaverint

142 1195 302 1250 super
341 1181 588 1251 aspargis
627 1181 783 1251 piper
820 1180 997 1232 tritum
1040 1183 1092 1232 et
1130 1178 1347 1233 inferes,
1387 1178 1457 1232 ad
1497 1195 1739 1233 mensam

141 1271 297 1307 nemo
339 1260 602 1322 agnoscet
642 1254 768 1322 quid
808 1254 1112 1307 manducet.

257 1330 377 1382 133.
431 1329 682 1382 Patina
736 1346 816 1383 ex
861 1329 1078 1381 lacte:
1133 1328 1354 1381 nucleos
1393 1326 1645 1381 infundes
1687 1332 1740 1381 et

142 1401 317 1455 siccas
373 1420 465 1456 eos
519 1435 589 1441 --
642 1408 888 1457 recentes
936 1402 1104 1455 imbre
1144 1407 1362 1472 paratos
1402 1402 1625 1455 habebis
1670 1433 1731 1441 --

139 1475 375 1548 accipies
428 1478 664 1547 patinam
718 1482 772 1531 et
820 1478 874 1529 in
930 1493 1309 1546 eaconpones
1350 1476 1562 1544 singula
1599 1475 1738 1529 infra

139 1551 370 1621 scripta:
426 1552 679 1605 mediana
729 1553 1023 1604 malvarum
1078 1555 1129 1603 et
1177 1552 1418 1604 betarum
1459 1556 1512 1604 et
1549 1566 1737 1621 porros

139 1630 390 1692 maturOS‚
433 1626 603 1696 apios,
644 1626 800 1679 holus
840 1626 999 1678 molle
1042 1629 1094 1678 et
1118 1624 1307 1677 viridia
1337 1625 1494 1693 elixa,
1535 1626 1736 1695 pullum

142 1704 380 1771 carptum
423 1717 490 1754 ex
535 1700 651 1754 iure
706 1705 929 1765 coctum,
986 1700 1255 1752 cerebella
1296 1699 1452 1766 elixa,
1505 1698 1735 1766 lucania,

139 1790 242 1827 ova
284 1774 416 1827 dura
448 1792 545 1846 per
570 1775 803 1829 medium
830 1774 1018 1842 incisa,
1059 1778 1248 1840 mutes⁷
1289 1774 1587 1842 longaones
1618 1790 1736 1845 por-

141 1921 278 1966 simili
290 1922 616 1978 pisciculorum
631 1923 797 1979 quibus
815 1936 896 1967 nos-

140 1995 259 2026 mem
291 1981 532 2037 βεμβράδες
564 1996 646 2027 seu
673 1980 893 2037 βεβρὰδες,

138 2039 438 2096 βαμβραδόνες
469 2047 517 2087 et
547 2040 791 2097 μεμβράδες
833 2042 894 2085 Sit

139 2100 358 2152 iunctum,
393 2102 519 2157 quod
552 2102 754 2146 edulium
785 2117 893 2154 μεμ-

138 2160 312 2214 βραφύη
346 2160 516 2205 dicitur
547 2174 621 2216 ap.
655 2160 830 2205 Athen.
852 2161 891 2212 7,

138 2219 207 2262 28.
244 2224 291 2263 et
321 2219 477 2277 Etym.
520 2221 672 2276 Magn.
708 2234 753 2275 p.
790 2220 889 2271 177,

135 2279 206 2321 30.
254 2303 306 2308 —
351 2292 407 2323 ex
449 2280 583 2324 codd.
625 2278 892 2334 apabab-

136 2336 345 2381 diabis
378 2337 468 2382 feci
510 2351 715 2394 apuam
757 2338 892 2393 bap-

134 2396 181 2439 ti
197 2410 220 2439 Ζ
235 2408 262 2438 a
274 2396 303 2440 b
316 2397 331 2439 1
345 2410 366 2440 S
429 2402 660 2448 βαπτίσεις,
723 2395 891 2451 βάψεις,

134 2458 315 2510 tanges,
360 2456 630 2513 adspergeS‚
678 2456 889 2500 betraeu-

135 2512 243 2558 feln.
277 2514 410 2557 Hum.
459 2516 529 2560 ed.
578 2529 702 2559 cum
735 2527 891 2570 apua

134 2573 336 2617 elixab
357 2574 416 2617 is.

222 2632 284 2675 ad
319 2633 416 2676 132.
452 2628 650 2675 artificia
674 2632 888 2676 adultera

133 2690 231 2734 eius
291 2690 467 2735 farinae
514 2695 622 2735 sunt
678 2696 887 2735 rosatum

133 2749 230 2794 sine
260 2763 367 2794 rosa
382 2750 424 2793 4.
449 2750 622 2794 salsum
646 2751 743 2795 sine
761 2750 886 2795 salso

131 2808 235 2853 441.
281 2835 332 2840 -
376 2810 710 2864 adimplere
753 2822 887 2865 pos-

133 2867 216 2912 sis
263 2868 395 2912 Hum.
443 2883 498 2913 ex
531 2869 604 2914 ed.
636 2883 703 2926 pr.
748 2882 887 2925 pos-

987 1922 1067 1966 sit
1116 1921 1326 1966 codicum
1374 1926 1447 1967 est
1496 1922 1638 1966 liceat
1689 1926 1737 1966 et

986 1982 1086 2025 215.
1121 1982 1221 2025 266.
1257 2007 1310 2012 »-
1350 1983 1407 2026 in
1439 1981 1648 2038 patina
1678 1983 1739 2037 γθ

985 2041 1043 2085 Η.
1085 2041 1142 2085 in
1175 2042 1304 2085 tina
1336 2042 1513 2098 reliqui.
1560 2066 1614 2073 —-
1655 2040 1735 2085 le-

983 2101 1144 2145 viter
1185 2101 1319 2145 codd.
1359 2103 1444 2145 ire
1478 2101 1600 2145 coire
1631 2100 1734 2145 419.

985 2160 1082 2205 Col.
1107 2159 1260 2211 12,42,
1279 2161 1320 2204 3.
1353 2160 1734 2205 bullireHum.

984 2245 1036 2250 —-
1072 2219 1170 2263 noli
1201 2219 1390 2275 iungere
1423 2219 1653 2264 inferes
1673 2219 1736 2263 ad

982 2291 1237 2322 mensam
1287 2292 1388 2324 cum
1438 2279 1639 2324 librariis
1687 2282 1735 2322 et

982 2337 1259 2381 editoribus.

1070 2396 1132 2439 ad
1168 2397 1264 2439 133.
1325 2396 1392 2440 sic
1434 2396 1533 2439 369.
1589 2395 1733 2440 aedus

981 2455 1217 2498 laureatus
1252 2469 1308 2499 ex
1325 2456 1450 2499 lacte
1468 2469 1635 2499 nomen
1653 2455 1733 2498 ha-

979 2515 1076 2564 bet,
1111 2514 1219 2569 quia
1250 2515 1380 2558 isicia
1412 2528 1471 2558 ex
1502 2515 1625 2558 lacte
1650 2528 1733 2569 po-

979 2573 1206 2616 tissimum
1224 2573 1439 2617 confecta
1456 2573 1730 2617 adiciuntur.

979 2658 1033 2662 —
1068 2633 1244 2676 emend.
1279 2646 1336 2677 ex
1374 2633 1732 2688 imprepara-

978 2695 998 2734 t
1013 2705 1040 2735 o
1055 2705 1076 2735 s
1099 2691 1175 2735 vel
1204 2692 1457 2747 inpraep.
1479 2704 1615 2747 quam
1633 2691 1732 2735 vul-

977 2754 1136 2806 gatam
1211 2751 1321 2794 olim
1388 2750 1733 2805 interpretabar

982 2823 1099 2863 „non
1122 2813 1321 2854 tostos“.
1354 2810 1543 2853 nucleos
1566 2809 1730 2864 pineos

979 2881 1115 2927 quam
1135 2869 1485 2914 recentissimos
1510 2869 1654 2913 adicit
1670 2869 1729 2912 si-
