2066 3276
675 236 775 282 Lib.
811 235 886 283 VI.
922 236 1163 295 Tropetcs.
1646 239 1748 294 117

272 371 394 424 216.
437 370 674 424 Aliter
712 386 942 438 gruem
969 369 1079 423 vel
1107 376 1382 426 anatem
1411 389 1487 425 ex
1529 372 1747 440 rapis:

158 444 325 511 lavaS,
369 462 527 498 ornas
572 450 624 498 et
662 445 716 497 in
768 444 874 497 olla
915 443 1139 497 elixabis
1181 462 1297 498 cum
1326 463 1481 516 aqua,
1535 448 1649 500 sale
1701 453 1752 501 et

159 523 322 573 aneto
364 518 589 572 dimidia
630 523 844 571 coctura
914 534 1076 588 rapas
1118 534 1304 586 coque,
1359 526 1415 573 ut
1454 522 1752 575 exbromari

158 593 380 660 possint,
422 591 626 646 levabis
667 591 734 645 de
789 592 909 645 olla.
964 596 1017 644 et
1067 591 1275 646 interim
1329 595 1549 648 lavabis.
1607 600 1659 649 et
1696 596 1749 647 in

160 669 451 721 caccabum
490 666 652 719 mittis
692 670 905 718 anatem
948 681 1063 718 cum
1120 666 1238 720 oleo
1282 674 1333 721 et
1372 669 1658 735 liquamine
1701 674 1752 722 et

158 738 416 794 fasciculo
457 740 600 808 porri
641 743 693 792 et
733 738 1015 792 coriandri.
1062 755 1245 807 rapam
1288 742 1450 794 lotam
1493 748 1544 796 et
1582 743 1748 795 minu-

158 815 306 868 tatim
347 814 614 869 concisam
657 812 891 881 desuper
929 811 1107 877 mittis,
1161 813 1330 868 facies
1370 822 1426 868 ut
1479 822 1750 883 coquatur,

160 889 339 943 media
381 893 597 942 coctura
636 886 796 939 mittis
838 885 1119 939 defrictum
1159 894 1215 940 ut
1256 889 1469 944 coloret.
1520 891 1601 943 ius
1642 891 1752 945 tale

159 963 404 1030 parabis:
446 961 616 1032 piper,
659 959 922 1025 ciminum,
967 958 1320 1029 coriandrum,
1374 963 1561 1017 lasaris
1613 964 1751 1017 radi-

161 1053 295 1104 cem,
338 1034 597 1089 suffundis
637 1040 846 1088 acetum
890 1038 942 1086 et
979 1033 1061 1085 ius
1111 1032 1180 1089 de
1219 1053 1313 1089 suo
1355 1037 1469 1090 sibi.
1511 1039 1751 1092 reexina-

161 1110 275 1164 nies
316 1126 477 1179 super
515 1113 727 1163 anatem
769 1112 822 1160 et
846 1106 1068 1160 ferveat.
1113 1124 1229 1162 cum
1267 1110 1535 1179 fervuerit,
1576 1113 1752 1165 amolo

162 1185 427 1253 obligabis
469 1188 522 1237 et
559 1199 721 1255 super
758 1198 919 1253 rapas
959 1179 1180 1251 adicies,
1222 1185 1378 1254 piper
1418 1187 1667 1256 aspargis
1702 1192 1754 1241 et

160 1275 420 1329 appones

164 1406 207 1448 p.
245 1393 344 1435 299.
380 1415 431 1423 -
468 1390 672 1435 calido
707 1389 918 1434 codicum

165 1450 436 1496 confusione
481 1450 580 1495 179.
628 1449 746 1494 Cels.
790 1449 833 1499 4,
876 1448 917 1491 8.

162 1509 330 1566 Veget.
365 1510 406 1560 5,
434 1509 508 1560 46,
532 1511 599 1553 11.
634 1509 802 1553 ductus
820 1520 918 1551 eor-

162 1570 260 1614 rexi
294 1569 586 1612 valido.-
612 1568 810 1612 nervis
844 1579 918 1611 co-

163 1629 249 1679 rio,
283 1628 398 1672 Plin.
432 1627 586 1671 Valer.
622 1629 663 1677 2,
691 1628 761 1670 47.
797 1626 918 1670 unde

165 1699 386 1732 enervare
419 1686 652 1738 haeuteln‚
686 1687 747 1730 ad
779 1684 858 1729 Sil.
872 1684 915 1735 4,

161 1747 261 1790 291.
311 1746 350 1790 is
398 1746 531 1790 labor
586 1745 755 1789 dicitur
811 1743 911 1788 234.

165 1805 405 1850 eliberare.
427 1830 478 1836 --
514 1809 805 1860 sequetur
820 1815 913 1846 ma-

158 1878 264 1909 num
324 1870 466 1915 tuam,
513 1877 604 1908 non
662 1867 912 1919 rumpetur.

163 1923 341 1968 Colum.
380 1925 448 1975 11,
467 1923 509 1973 3,
526 1922 597 1966 45.
633 1923 762 1967 Varr.
785 1921 913 1975 1‚47‚

162 1983 201 2026 1.
244 2008 297 2015 -
343 1982 705 2027 manducare
738 1996 793 2027 ex
825 1984 914 2032 βθκ

159 2055 244 2098 pro
280 2042 644 2086 manducari.
697 2043 909 2098 „potest“

160 2101 258 2146 scil.
295 2107 367 2145 est
400 2101 527 2157 quod
560 2100 672 2146 licet
692 2103 788 2146 133.
810 2100 909 2144 266.

248 2160 309 2204 ad
341 2160 440 2203 216.
485 2173 550 2204 ex
583 2161 747 2216 rapis
778 2165 821 2212 β.
854 2158 910 2202 Η.

160 2232 245 2275 pro
279 2220 543 2275 excipis.
597 2245 644 2250 —-
694 2219 912 2264 exilia·

160 2279 252 2322 bis
294 2279 339 2322 in
382 2291 477 2322 sex.
523 2303 576 2308 —-
622 2279 775 2323 media
809 2290 911 2322 coc-

162 2343 266 2381 tura
298 2341 483 2382 anetum
516 2336 716 2381 adicitur
742 2342 790 2382 et
809 2337 908 2380 213.

165 2410 266 2440 cum
313 2395 520 2441 bullierit
568 2396 664 2439 179.
711 2422 761 2426 ψ
815 2409 912 2440 eo-

164 2469 272 2511 que
306 2467 420 2499 corr.
453 2469 538 2512 pro
562 2468 804 2511 quoque.
838 2466 913 2499 ea-

162 2515 264 2558 dem
304 2512 514 2558 confusio
527 2526 600 2569 ap.
616 2513 770 2558 Seren.
790 2513 910 2559 Sam.

159 2572 260 2616 474.
304 2571 517 2618 confudit
556 2572 696 2618 etiam
727 2572 806 2618 ille
838 2586 910 2629 ap.

162 2632 351 2684 Quintil.
386 2632 428 2682 6,
460 2631 593 2683 3,.47.
621 2657 675 2662 -
710 2632 913 2677 exbro-

160 2691 304 2735 mari
338 2690 474 2735 codd.
504 2691 607 2736 coll.
628 2690 727 2736 270.
762 2692 810 2735 id
832 2705 913 2736 no-

159 2764 267 2794 vum
330 2749 522 2794 verbum
583 2753 655 2795 est
711 2751 911 2796 molesto

161 2808 306 2854 odore
349 2809 583 2864 deputari,
630 2808 912 2855 immundum

159 2867 364 2924 odorem,
399 2869 523 2921 virus
545 2866 774 2923 amittere,
786 2914 792 2917 ,
805 2868 911 2928 βρό-

1009 1408 1091 1444 μος
1121 1392 1240 1436 enim
1273 1406 1356 1436 seu
1386 1395 1561 1448 βρῶμος
1578 1399 1650 1438 est
1675 1393 1753 1437 lat.

1010 1451 1150 1500 virus,
1181 1449 1410 1507 βρομώδης
1432 1452 1635 1505 virosus,
1675 1452 1757 1496 im-

1009 1510 1218 1554 mundus.
1268 1510 1323 1554 cf.
1374 1511 1574 1568 Hesych.
1625 1513 1662 1553 1.
1710 1525 1754 1567 p.

1012 1569 1110 1612 769.
1144 1568 1335 1614 Salmas.
1356 1570 1401 1613 in
1420 1570 1513 1614 Sol.
1532 1583 1575 1625 p.
1597 1570 1695 1614 255.
1710 1571 1753 1615 b.

1010 1627 1287 1672 Schleusner
1317 1630 1426 1672 Lex.
1442 1630 1487 1672 in
1504 1628 1607 1673 Vet.
1627 1629 1753 1673 Test.

1011 1688 1051 1730 1.
1094 1700 1137 1742 p.
1183 1688 1282 1731 588.
1327 1688 1427 1732 589.
1471 1687 1662 1732 Lobeck
1695 1688 1757 1732 ad

1005 1745 1174 1803 Phryn.
1238 1760 1285 1802 p.
1346 1748 1442 1791 156.
1511 1747 1757 1799 „bromosa

1005 1804 1173 1849 ubera“
1210 1806 1388 1850 codicis
1418 1805 1583 1850 keuch.
1607 1807 1755 1863 magis

1005 1864 1164 1920 placet
1211 1878 1348 1921 quam
1410 1866 1618 1919 „virosa“
1679 1879 1753 1922 ap.

1006 1924 1159 1968 Seren.
1195 1923 1316 1968 Sam.
1352 1937 1450 1981 cap.
1486 1925 1556 1968 59.
1592 1950 1646 1955 —
1679 1925 1755 1968 in-

1006 1983 1179 2027 terim
1228 1997 1342 2027 corr.
1390 1997 1475 2039 pro
1530 1983 1753 2028 iterum.

1006 2042 1249 2086 lavabis
1290 2047 1362 2087 est
1395 2043 1665 2087 exsiccabis.
1701 2069 1753 2074 —-

1005 2101 1193 2145 lotam
1238 2102 1518 2145 exsiccatam
1563 2101 1618 2146 cf.
1656 2103 1752 2146 169.

1003 2161 1274 2205 -mittis
1306 2161 1366 2204 ad
1384 2161 1538 2218 ignem
1575 2187 1629 2193 —
1652 2175 1755 2206 me-

1004 2218 1101 2263 dia
1135 2233 1248 2264 corr.
1294 2233 1378 2275 pro
1422 2220 1656 2264 modica
1698 2235 1755 2264 ex

1005 2278 1103 2322 153.
1137 2279 1238 2323 369.
1271 2280 1373 2323 381.
1428 2279 1620 2323 dimidia
1652 2280 1753 2324 234.

1001 2336 1104 2381 401.
1124 2350 1270 2394 prope
1290 2342 1524 2382 cocturam
1537 2339 1637 2382 213.
1652 2338 1752 2382 234.

1004 2420 1060 2428 --
1118 2409 1386 2452 appones
1433 2396 1614 2442 inferes.
1679 2410 1754 2441 co·

1006 2456 1178 2512 quendi
1210 2456 1331 2499 ratio
1364 2455 1481 2500 haec
1513 2461 1607 2500 est:
1639 2468 1754 2500 anas

1004 2515 1080 2558 vel
1122 2528 1232 2571 grus
1264 2515 1309 2558 in
1354 2515 1450 2559 olla
1483 2528 1583 2559 cum
1617 2528 1752 2572 aqua,

1004 2573 1102 2619 sale
1121 2579 1169 2619 et
1196 2579 1336 2617 aneto
1355 2574 1416 2618 ad
1433 2574 1631 2618 mediam
1650 2588 1752 2619 coc-

1003 2638 1153 2677 turam
1187 2633 1398 2685 elixatur,
1441 2638 1539 2677 tum
1571 2634 1754 2678 levatur

1003 2698 1052 2737 et
1083 2693 1283 2737 mittitur
1312 2693 1359 2737 in
1392 2693 1641 2737 caccabum
1674 2693 1753 2736 ubi

1001 2752 1138 2807 plene
1172 2756 1400 2808 coquatur
1418 2765 1519 2796 cum
1537 2751 1643 2796 oleo
1662 2756 1751 2796 cet.

1002 2811 1166 2857 eodem
1200 2816 1409 2867 tempore
1450 2823 1564 2867 rapa
1597 2810 1752 2868 coqui-

1002 2875 1077 2916 tur
1108 2871 1153 2916 in
1187 2870 1283 2915 olla
1313 2874 1362 2917 et
1394 2874 1529 2914 cocta
1555 2869 1750 2924 levatur,
