2066 3276
275 242 379 294 162

780 240 877 284 Lib.
912 240 1035 284 VIII.
1069 240 1311 294 Tetrapus.

271 377 362 425 aut
400 371 685 439 amigdala,
729 371 847 435 mel,
889 376 1112 437 acetum,
1143 371 1337 436 vinum,
1370 371 1543 424 eleum
1568 371 1853 438 modicum,

269 446 538 513 liquamen
579 449 630 497 et
670 443 898 510 agitabis
941 446 1273 498 embambam

384 520 506 571 347.
550 519 614 569 In
654 516 921 569 cervinam
971 534 1176 570 assam:
1231 517 1400 585 piper,
1455 515 1853 584 nardostatium,

269 590 470 658 folium,
514 591 603 659 api
643 606 841 655 semen,
885 607 1074 658 cepam
1114 590 1335 655 aridam,
1393 594 1563 641 rutam
1615 589 1853 658 viridem,

270 665 391 731 mel,
433 669 658 728 acetum,
712 663 997 731 liquamen,
1063 664 1330 717 adiectum
1384 664 1633 729 carietae,
1700 680 1858 716 uvam

271 742 488 808 passam
531 742 583 791 et
623 737 812 789 eleum.

382 811 506 864 348.
552 810 719 864 Aliter
757 810 811 862 in
852 826 1064 874 cervum
1105 826 1282 863 assum
1322 809 1437 861 iura
1462 808 1745 862 ferventia:
1782 809 1859 878 pi-

270 902 383 953 per,
422 885 724 952 ligisticum,
765 883 1144 954 petresilinum,
1199 883 1523 936 damascena
1573 888 1859 950 macerata,

270 958 465 1025 vinum,
495 959 615 1025 mel,
645 963 871 1024 acetum,
899 957 1183 1024 liquamen,
1224 958 1398 1010 oleum
1426 956 1705 1010 medicum.
1750 957 1861 1024 agi-

270 1032 409 1086 tabis
449 1048 607 1100 porre
651 1036 702 1085 et
741 1031 988 1084 satureia.
1065 1067 1067 1069 ·

386 1107 510 1159 349.
535 1106 647 1158 Ius
675 1105 740 1157 in
763 1121 1051 1174 caprea:
1085 1104 1257 1173 piper,
1292 1103 1593 1171 ligisticum,
1631 1119 1860 1171 careum,

273 1179 536 1248 ciminum,
592 1179 976 1248 petresilinum,
1036 1188 1185 1232 rutae
1225 1194 1424 1244 semen,
1479 1177 1599 1243 mel,
1643 1193 1861 1245 senape,

273 1258 500 1320 acetum,
541 1253 807 1320 liquamen
850 1258 901 1306 et
942 1253 1128 1306 eleum.

392 1328 514 1383 350.
563 1329 651 1380 Ius
688 1328 743 1379 in
784 1343 981 1395 caprea
1019 1342 1171 1378 assa:
1226 1324 1396 1395 piper,
1453 1322 1862 1390 condimentum,

278 1407 465 1468 rutam,
508 1419 713 1472 cepam,
755 1402 877 1466 mel,
916 1400 1202 1466 liquamen,
1253 1415 1486 1466 passum,
1542 1397 1713 1450 oleum
1755 1414 1863 1448 mo-

280 1476 470 1542 dicum,
512 1475 741 1527 amolum
784 1491 900 1527 cum
939 1473 1046 1525 iam
1086 1473 1248 1526 bullit.

392 1550 515 1602 351.
560 1549 727 1601 Aliter
764 1548 845 1600 ius
884 1547 939 1599 in
980 1564 1204 1615 caprea:
1246 1546 1415 1616 piper,
1454 1544 1862 1611 condimentum,

281 1621 677 1694 [petresilinum]
722 1622 1000 1688 origanum
1039 1620 1322 1686 medicum,
1353 1624 1537 1684 rutam,
1579 1618 1863 1684 liquamen,

279 1698 398 1765 mel,
440 1713 656 1767 passum
700 1701 752 1749 et
791 1695 895 1748 olei
934 1694 1217 1757 modicum,
1260 1694 1433 1745 amolo
1476 1692 1755 1759 obligabis

391 1772 515 1824 352.
561 1771 671 1823 lus
711 1770 776 1822 in
818 1768 1091 1822 ovifero
1127 1768 1439 1821 fervens:
1482 1766 1651 1835 piper,
1682 1765 1863 1833 ligisti-

277 1922 329 1962 ut
375 1917 436 1960 ad
497 1917 751 1972 „agitabis“
808 1915 1026 1971 suppleas

276 1990 416 2032 porro
457 1981 504 2020 et
546 1976 748 2020 satureia
790 1975 891 2019 348.
924 1976 1026 2018 352.

276 2036 375 2079 375.
421 2035 725 2079 ebambam
777 2047 878 2090 par.
919 2047 1026 2078 em·

280 2094 385 2139 beb
400 2106 485 2138 am
518 2094 591 2138 ed.
624 2108 691 2149 pr.
725 2105 896 2149 graeca
933 2106 1026 2136 vex

276 2167 333 2197 ex
363 2153 510 2197 latina
542 2153 868 2203 declinatione,
911 2151 1024 2195 alibi

276 2225 462 2316 §3533
503 2212 881 2315 {Srssfflss‘ssliipli}
912 2211 1023 2325 ὲὲῗι·

276 2344 319 2386 p.
336 2332 433 2374 123.
457 2331 551 2374 126.
572 2330 778 2374 Hildebr.
798 2329 859 2373 ad
877 2328 1021 2385 Apul.

276 2394 384 2434 met.
419 2391 460 2441 2,
495 2391 533 2434 7.
567 2402 612 2444 p.
646 2389 717 2433 89.
751 2389 820 2432 90.

366 2449 429 2492 ad
460 2448 561 2493 347.
605 2448 1026 2492 nardostatum

275 2520 372 2563 par.
392 2506 873 2564 nardostachyum
890 2506 1023 2550 Hum.

276 2567 377 2610 282.
431 2592 484 2596 ——
547 2566 841 2611 cariotam
890 2565 1025 2609 cedd.

275 2625 581 2669 adiectum
645 2638 865 2681 pugnum,
932 2637 1026 2667 ma-

274 2697 427 2736 nuam,
458 2683 589 2729 wurf.
619 2684 919 2729 adiectam
952 2683 1023 2728 ed.

274 2758 341 2801 pr.
375 2743 647 2788 adiectas
679 2745 735 2787 H.

364 2802 427 2847 ad
457 2803 558 2847 348.
591 2803 649 2847 in
683 2815 912 2847 cervum
943 2813 1025 2844 as-

275 2876 387 2909 sum
421 2862 493 2908 ed.
527 2876 593 2920 pr.
629 2863 684 2907 H.
718 2862 886 2919 proin
911 2873 1025 2904 cer-

1119 1929 1189 1960 vo
1222 1915 1277 1958 in
1309 1926 1503 1958 assum
1547 1914 1621 1958 vel
1653 1914 1706 1957 in
1740 1927 1861 1957 cer-

1117 1989 1186 2019 vo
1219 1987 1370 2017 asse.
1393 1999 1440 2002 ἡ
1464 1987 1647 2028 perro
1672 1977 1726 2017 et
1752 1976 1861 2017 sat.

1116 2039 1168 2079 ut
1200 2034 1301 2077 282.

1206 2092 1266 2136 ad
1298 2092 1400 2135 349.
1464 2104 1643 2146 capra
1675 2091 1695 2138 ζ
1737 2091 1863 2134 etin

1115 2152 1206 2196 ind.
1249 2151 1434 2206 capitul.
1469 2167 1507 2205 γ.
1551 2150 1713 2194 eadem
1757 2163 1862 2193 con-

1115 2211 1251 2256 fusio.
1286 2210 1416 2254 Caes,
1449 2209 1494 2253 b.
1526 2224 1570 2265 g.
1591 2210 1631 2260 6,
1660 2209 1729 2252 27.
1763 2209 1860 2252 Liv.

1118 2272 1159 2322 1,
1210 2271 1278 2321 16,
1329 2271 1368 2312 1.
1417 2268 1606 2314 Sueten.
1652 2267 1753 2312 Tib.
1790 2267 1860 2310 45.

1114 2330 1320 2373 Hildebr.
1355 2327 1416 2370 ad
1447 2327 1589 2383 Apul.
1625 2332 1733 2370 met.
1761 2327 1803 2378 8,
1820 2326 1861 2369 4.

1114 2403 1159 2444 p.
1203 2388 1301 2432 649.
1348 2387 1446 2430 650.
1495 2413 1547 2416 —
1594 2399 1862 2430 carenum

1116 2460 1212 2503 par.
1276 2447 1323 2491 in
1371 2459 1462 2501 quo
1511 2459 1601 2489 une
1645 2445 1734 2489 vel
1777 2458 1861 2500 pro

1116 2506 1240 2551 mel.

1205 2564 1267 2608 ad
1298 2564 1396 2608 350.
1447 2563 1632 2607 aliter
1663 2563 1750 2606 ius
1791 2561 1864 2606 ed.

1116 2638 1184 2680 pr.
1218 2624 1272 2667 Η.
1294 2649 1345 2653 -
1372 2636 1492 2666 cum
1524 2622 1865 2676 absorptum

1118 2683 1279 2727 addidi
1320 2695 1376 2725 ex
1422 2682 1523 2725 345.
1563 2680 1787 2725 bulliet
1824 2676 1863 2721 ὃ.

1115 2742 1374 2787 bullient
1407 2741 1436 2789 ζ.
1608 2758 1614 2763 r

1204 2801 1266 2844 ad
1297 2800 1397 2844 352.
1457 2799 1642 2844 cedices
1680 2800 1864 2853 praeter

1115 2872 1216 2917 par.
1249 2864 1359 2916 pest
1393 2858 1624 2914 „ovifer0“
1655 2855 1864 2901 scholion
