<?xml version="1.0" encoding="UTF-8"?>
<!DOCTYPE html PUBLIC "-//W3C//DTD XHTML 1.0 Transitional//EN"
    "http://www.w3.org/TR/xhtml1/DTD/xhtml1-transitional.dtd">
<html xmlns="http://www.w3.org/1999/xhtml" xml:lang="en" lang="en">
 <head>
  <title>
</title>
<meta http-equiv="Content-Type" content="text/html;charset=utf-8" />
  <meta name='ocr-system' content='tesseract 3.04.00' />
  <meta name='ocr-capabilities' content='ocr_page ocr_carea ocr_par ocr_line ocrx_word'/>
</head>
<body>
  <div class='ocr_page' id='page_1' title='image "./derecoquinarilib00apicrich_0116.png"; bbox 0 0 2066 3276; ppageno 0'>
   <div class='ocr_carea' id='block_1_1' title="bbox 327 255 1324 311">
    <p class='ocr_par' dir='ltr' id='par_1_1' title="bbox 327 255 1324 311">
     <span class='ocr_line' id='line_1_1' title="bbox 327 255 1324 311; baseline -0.011 -2"><span class='ocrx_word' id='word_1_1' title='bbox 327 258 430 309; x_wconf 76' lang='grc'>112</span> <span class='ocrx_word' id='word_1_2' title='bbox 853 255 952 300; x_wconf 85' lang='lat' dir='ltr'>Lib.</span> <span class='ocrx_word' id='word_1_3' title='bbox 987 255 1042 300; x_wconf 90' lang='lat' dir='ltr'>V.</span> <span class='ocrx_word' id='word_1_4' title='bbox 1107 257 1324 311; x_wconf 87' lang='lat' dir='ltr'>Osprcos.</span> 
     </span>
    </p>
   </div>
   <div class='ocr_carea' id='block_1_2' title="bbox 319 387 1913 1914">
    <p class='ocr_par' dir='ltr' id='par_1_2' title="bbox 319 387 1911 1490">
     <span class='ocr_line' id='line_1_2' title="bbox 433 387 1905 443; baseline 0.001 -3"><span class='ocrx_word' id='word_1_5' title='bbox 433 389 555 440; x_wconf 78' lang='lat'>208.</span> <span class='ocrx_word' id='word_1_6' title='bbox 596 387 864 440; x_wconf 91' lang='lat' dir='ltr'>Alicam</span> <span class='ocrx_word' id='word_1_7' title='bbox 904 389 1013 441; x_wconf 86' lang='lat' dir='ltr'>vel</span> <span class='ocrx_word' id='word_1_8' title='bbox 1042 405 1267 441; x_wconf 87' lang='lat' dir='ltr'>sucum</span> <span class='ocrx_word' id='word_1_9' title='bbox 1298 388 1578 441; x_wconf 90' lang='lat' dir='ltr'>tisanae</span> <span class='ocrx_word' id='word_1_10' title='bbox 1610 389 1687 442; x_wconf 90' lang='lat' dir='ltr'>sic</span> <span class='ocrx_word' id='word_1_11' title='bbox 1714 388 1905 443; x_wconf 87' lang='lat' dir='ltr'>facies:</span> 
     </span>
     <span class='ocr_line' id='line_1_3' title="bbox 321 461 1908 527; baseline 0.001 -15"><span class='ocrx_word' id='word_1_12' title='bbox 321 461 545 514; x_wconf 85' lang='lat' dir='ltr'>tisanam</span> <span class='ocrx_word' id='word_1_13' title='bbox 585 461 672 513; x_wconf 86' lang='lat' dir='ltr'>vel</span> <span class='ocrx_word' id='word_1_14' title='bbox 711 462 900 513; x_wconf 91' lang='lat' dir='ltr'>alicam</span> <span class='ocrx_word' id='word_1_15' title='bbox 939 462 1170 514; x_wconf 86' lang='lat' dir='ltr'>lavando</span> <span class='ocrx_word' id='word_1_16' title='bbox 1210 461 1370 514; x_wconf 89' lang='lat' dir='ltr'>fricas</span> <span class='ocrx_word' id='word_1_17' title='bbox 1412 478 1566 527; x_wconf 90' lang='lat' dir='ltr'>quam</span> <span class='ocrx_word' id='word_1_18' title='bbox 1608 468 1730 515; x_wconf 90' lang='lat' dir='ltr'>ante</span> <span class='ocrx_word' id='word_1_19' title='bbox 1768 463 1908 516; x_wconf 90' lang='lat' dir='ltr'>diem</span> 
     </span>
     <span class='ocr_line' id='line_1_4' title="bbox 319 533 1904 603; baseline 0.002 -18"><span class='ocrx_word' id='word_1_20' title='bbox 319 533 571 600; x_wconf 87' lang='lat' dir='ltr'>infundis,</span> <span class='ocrx_word' id='word_1_21' title='bbox 611 534 823 602; x_wconf 82' lang='lat' dir='ltr'>inponis</span> <span class='ocrx_word' id='word_1_22' title='bbox 864 551 1026 603; x_wconf 90' lang='lat' dir='ltr'>supra</span> <span class='ocrx_word' id='word_1_23' title='bbox 1064 535 1244 601; x_wconf 82' lang='lat' dir='ltr'>ignem</span> <span class='ocrx_word' id='word_1_24' title='bbox 1286 534 1511 587; x_wconf 88' lang='lat' dir='ltr'>caldum.</span> <span class='ocrx_word' id='word_1_25' title='bbox 1557 552 1673 588; x_wconf 90' lang='lat' dir='ltr'>cum</span> <span class='ocrx_word' id='word_1_26' title='bbox 1723 537 1904 588; x_wconf 86' lang='lat' dir='ltr'>bullie-</span> 
     </span>
     <span class='ocr_line' id='line_1_5' title="bbox 321 607 1906 675; baseline 0.001 -17"><span class='ocrx_word' id='word_1_27' title='bbox 321 607 402 674; x_wconf 88' lang='lat' dir='ltr'>rit,</span> <span class='ocrx_word' id='word_1_28' title='bbox 445 607 619 660; x_wconf 91' lang='lat' dir='ltr'>mittes</span> <span class='ocrx_word' id='word_1_29' title='bbox 662 608 766 660; x_wconf 92' lang='lat' dir='ltr'>olei</span> <span class='ocrx_word' id='word_1_30' title='bbox 805 609 932 660; x_wconf 85' lang='lat' dir='ltr'>satis</span> <span class='ocrx_word' id='word_1_31' title='bbox 976 613 1028 661; x_wconf 92' lang='lat' dir='ltr'>ct</span> <span class='ocrx_word' id='word_1_32' title='bbox 1067 608 1210 660; x_wconf 90' lang='lat' dir='ltr'>aneti</span> <span class='ocrx_word' id='word_1_33' title='bbox 1262 608 1527 661; x_wconf 89' lang='lat' dir='ltr'>modicum</span> <span class='ocrx_word' id='word_1_34' title='bbox 1578 608 1906 675; x_wconf 88' lang='lat' dir='ltr'>fasciculum,</span> 
     </span>
     <span class='ocr_line' id='line_1_6' title="bbox 326 681 1907 749; baseline -0.001 -15"><span class='ocrx_word' id='word_1_35' title='bbox 326 697 515 748; x_wconf 80' lang='lat' dir='ltr'>cepam</span> <span class='ocrx_word' id='word_1_36' title='bbox 558 681 771 747; x_wconf 90' lang='lat' dir='ltr'>siccam,</span> <span class='ocrx_word' id='word_1_37' title='bbox 814 682 1099 734; x_wconf 77' lang='lat' dir='ltr'><strong>satureiam</strong></span> <span class='ocrx_word' id='word_1_38' title='bbox 1129 686 1180 734; x_wconf 88' lang='lat' dir='ltr'>et</span> <span class='ocrx_word' id='word_1_39' title='bbox 1205 681 1456 749; x_wconf 89' lang='lat' dir='ltr'>puleium,</span> <span class='ocrx_word' id='word_1_40' title='bbox 1497 686 1553 733; x_wconf 90' lang='lat' dir='ltr'>ut</span> <span class='ocrx_word' id='word_1_41' title='bbox 1577 682 1650 735; x_wconf 85' lang='lat' dir='ltr'>ibi</span> <span class='ocrx_word' id='word_1_42' title='bbox 1679 699 1907 748; x_wconf 89' lang='lat' dir='ltr'>coquan-</span> 
     </span>
     <span class='ocr_line' id='line_1_7' title="bbox 321 754 1908 825; baseline 0.001 -19"><span class='ocrx_word' id='word_1_43' title='bbox 321 759 417 808; x_wconf 84' lang='lat' dir='ltr'>tur.</span> <span class='ocrx_word' id='word_1_44' title='bbox 460 759 680 825; x_wconf 87' lang='lat' dir='ltr'>propter</span> <span class='ocrx_word' id='word_1_45' title='bbox 719 772 901 807; x_wconf 90' lang='lat' dir='ltr'>sucum</span> <span class='ocrx_word' id='word_1_46' title='bbox 940 755 1099 807; x_wconf 86' lang='lat' dir='ltr'>mittis</span> <span class='ocrx_word' id='word_1_47' title='bbox 1140 754 1472 808; x_wconf 80' lang='lat' dir='ltr'>coriandrum</span> <span class='ocrx_word' id='word_1_48' title='bbox 1513 755 1683 809; x_wconf 87' lang='lat' dir='ltr'>viride</span> <span class='ocrx_word' id='word_1_49' title='bbox 1736 761 1787 808; x_wconf 90' lang='lat' dir='ltr'>et</span> <span class='ocrx_word' id='word_1_50' title='bbox 1826 772 1908 808; x_wconf 87' lang='lat' dir='ltr'>sa-</span> 
     </span>
     <span class='ocr_line' id='line_1_8' title="bbox 321 827 1909 882; baseline 0.002 -3"><span class='ocrx_word' id='word_1_51' title='bbox 321 829 426 881; x_wconf 89' lang='lat' dir='ltr'>lem</span> <span class='ocrx_word' id='word_1_52' title='bbox 466 827 621 880; x_wconf 92' lang='lat' dir='ltr'>simul</span> <span class='ocrx_word' id='word_1_53' title='bbox 659 828 832 880; x_wconf 86' lang='lat' dir='ltr'>tritum</span> <span class='ocrx_word' id='word_1_54' title='bbox 883 834 935 882; x_wconf 87' lang='lat' dir='ltr'>et</span> <span class='ocrx_word' id='word_1_55' title='bbox 986 828 1154 882; x_wconf 87' lang='lat' dir='ltr'>facies</span> <span class='ocrx_word' id='word_1_56' title='bbox 1209 834 1263 881; x_wconf 91' lang='lat' dir='ltr'>ut</span> <span class='ocrx_word' id='word_1_57' title='bbox 1313 828 1530 881; x_wconf 76' lang='lat' dir='ltr'><strong>ferveat.</strong></span> <span class='ocrx_word' id='word_1_58' title='bbox 1603 846 1720 882; x_wconf 89' lang='lat' dir='ltr'>cum</span> <span class='ocrx_word' id='word_1_59' title='bbox 1771 830 1909 882; x_wconf 87' lang='lat' dir='ltr'>bene</span> 
     </span>
     <span class='ocr_line' id='line_1_9' title="bbox 322 901 1908 969; baseline 0.001 -16"><span class='ocrx_word' id='word_1_60' title='bbox 322 901 591 969; x_wconf 86' lang='lat' dir='ltr'>fervuerit,</span> <span class='ocrx_word' id='word_1_61' title='bbox 632 903 789 955; x_wconf 90' lang='lat' dir='ltr'>tolles</span> <span class='ocrx_word' id='word_1_62' title='bbox 828 902 1140 956; x_wconf 84' lang='lat' dir='ltr'>fasciculum</span> <span class='ocrx_word' id='word_1_63' title='bbox 1182 907 1234 955; x_wconf 90' lang='lat' dir='ltr'>et</span> <span class='ocrx_word' id='word_1_64' title='bbox 1271 902 1559 956; x_wconf 79' lang='lat' dir='ltr'><strong>transferes</strong></span> <span class='ocrx_word' id='word_1_65' title='bbox 1591 903 1644 954; x_wconf 92' lang='lat' dir='ltr'>in</span> <span class='ocrx_word' id='word_1_66' title='bbox 1685 903 1908 955; x_wconf 88' lang='lat' dir='ltr'>alterum</span> 
     </span>
     <span class='ocr_line' id='line_1_10' title="bbox 324 975 1911 1044; baseline -0.001 -15"><span class='ocrx_word' id='word_1_67' title='bbox 324 977 616 1029; x_wconf 79' lang='lat' dir='ltr'>caccabum</span> <span class='ocrx_word' id='word_1_68' title='bbox 669 976 897 1029; x_wconf 90' lang='lat' dir='ltr'>tisanam</span> <span class='ocrx_word' id='word_1_69' title='bbox 937 977 1014 1030; x_wconf 90' lang='lat' dir='ltr'>sic</span> <span class='ocrx_word' id='word_1_70' title='bbox 1064 994 1132 1030; x_wconf 91' lang='lat' dir='ltr'>ne</span> <span class='ocrx_word' id='word_1_71' title='bbox 1182 975 1403 1028; x_wconf 87' lang='lat' dir='ltr'>fundum</span> <span class='ocrx_word' id='word_1_72' title='bbox 1454 981 1642 1043; x_wconf 81' lang='lat' dir='ltr'>tangat</span> <span class='ocrx_word' id='word_1_73' title='bbox 1692 981 1911 1044; x_wconf 87' lang='lat' dir='ltr'>propter</span> 
     </span>
     <span class='ocr_line' id='line_1_11' title="bbox 324 1050 1910 1118; baseline -0.001 -15"><span class='ocrx_word' id='word_1_74' title='bbox 324 1051 714 1103; x_wconf 89' lang='lat' dir='ltr'>conbusturam.</span> <span class='ocrx_word' id='word_1_75' title='bbox 778 1050 877 1103; x_wconf 88' lang='lat' dir='ltr'>lias</span> <span class='ocrx_word' id='word_1_76' title='bbox 944 1055 996 1104; x_wconf 84' lang='lat' dir='ltr'>et</span> <span class='ocrx_word' id='word_1_77' title='bbox 1061 1051 1292 1104; x_wconf 86' lang='lat' dir='ltr'>collocas</span> <span class='ocrx_word' id='word_1_78' title='bbox 1345 1050 1399 1102; x_wconf 90' lang='lat' dir='ltr'>in</span> <span class='ocrx_word' id='word_1_79' title='bbox 1453 1052 1686 1103; x_wconf 88' lang='lat' dir='ltr'>caccabo</span> <span class='ocrx_word' id='word_1_80' title='bbox 1749 1066 1910 1118; x_wconf 90' lang='lat' dir='ltr'>super</span> 
     </span>
     <span class='ocr_line' id='line_1_12' title="bbox 323 1123 1908 1194; baseline -0.001 -17"><span class='ocrx_word' id='word_1_81' title='bbox 323 1139 575 1177; x_wconf 88' lang='lat' dir='ltr'>acronem</span> <span class='ocrx_word' id='word_1_82' title='bbox 628 1124 885 1177; x_wconf 87' lang='lat' dir='ltr'>colefium.</span> <span class='ocrx_word' id='word_1_83' title='bbox 952 1129 1094 1178; x_wconf 86' lang='lat' dir='ltr'><strong>teres</strong></span> <span class='ocrx_word' id='word_1_84' title='bbox 1160 1123 1330 1194; x_wconf 78' lang='lat' dir='ltr'>pipei,</span> <span class='ocrx_word' id='word_1_85' title='bbox 1386 1123 1686 1191; x_wconf 83' lang='lat' dir='ltr'>ligisticum,</span> <span class='ocrx_word' id='word_1_86' title='bbox 1744 1123 1908 1194; x_wconf 87' lang='lat' dir='ltr'>puleii</span> 
     </span>
     <span class='ocr_line' id='line_1_13' title="bbox 324 1196 1909 1266; baseline 0 -16"><span class='ocrx_word' id='word_1_87' title='bbox 324 1196 459 1250; x_wconf 87' lang='lat' dir='ltr'>aridi</span> <span class='ocrx_word' id='word_1_88' title='bbox 498 1197 780 1266; x_wconf 87' lang='lat' dir='ltr'>modicum,</span> <span class='ocrx_word' id='word_1_89' title='bbox 822 1198 1084 1265; x_wconf 85' lang='lat' dir='ltr'>ciminum,</span> <span class='ocrx_word' id='word_1_90' title='bbox 1128 1197 1227 1251; x_wconf 90' lang='lat' dir='ltr'>silfi</span> <span class='ocrx_word' id='word_1_91' title='bbox 1279 1196 1488 1250; x_wconf 85' lang='lat' dir='ltr'>frictum</span> <span class='ocrx_word' id='word_1_92' title='bbox 1542 1228 1612 1235; x_wconf 88' lang='lat'>——</span> <span class='ocrx_word' id='word_1_93' title='bbox 1664 1202 1721 1250; x_wconf 89' lang='lat' dir='ltr'>ut</span> <span class='ocrx_word' id='word_1_94' title='bbox 1773 1199 1909 1251; x_wconf 88' lang='lat' dir='ltr'>bene</span> 
     </span>
     <span class='ocr_line' id='line_1_14' title="bbox 324 1270 1907 1339; baseline -0.001 -16"><span class='ocrx_word' id='word_1_95' title='bbox 324 1275 523 1325; x_wconf 85' lang='lat' dir='ltr'><strong>teratur</strong></span> <span class='ocrx_word' id='word_1_96' title='bbox 561 1271 818 1325; x_wconf 83' lang='lat' dir='ltr'>suffundis</span> <span class='ocrx_word' id='word_1_97' title='bbox 858 1273 963 1325; x_wconf 89' lang='lat' dir='ltr'>mel</span> <span class='ocrx_word' id='word_1_98' title='bbox 1002 1304 1072 1310; x_wconf 93' lang='lat'>—</span> <span class='ocrx_word' id='word_1_99' title='bbox 1114 1275 1341 1338; x_wconf 86' lang='lat' dir='ltr'>acetum,</span> <span class='ocrx_word' id='word_1_100' title='bbox 1394 1270 1690 1339; x_wconf 78' lang='lat' dir='ltr'>detrictum,</span> <span class='ocrx_word' id='word_1_101' title='bbox 1743 1271 1907 1338; x_wconf 89' lang='lat' dir='ltr'>liqua-</span> 
     </span>
     <span class='ocr_line' id='line_1_15' title="bbox 324 1344 1905 1412; baseline -0.001 -15"><span class='ocrx_word' id='word_1_102' title='bbox 324 1362 462 1398; x_wconf 92' lang='lat' dir='ltr'>men.</span> <span class='ocrx_word' id='word_1_103' title='bbox 504 1344 743 1398; x_wconf 87' lang='lat' dir='ltr'>refundis</span> <span class='ocrx_word' id='word_1_104' title='bbox 781 1345 834 1397; x_wconf 92' lang='lat' dir='ltr'>in</span> <span class='ocrx_word' id='word_1_105' title='bbox 877 1347 1180 1412; x_wconf 82' lang='lat' dir='ltr'>caccabum,</span> <span class='ocrx_word' id='word_1_106' title='bbox 1224 1344 1321 1397; x_wconf 89' lang='lat' dir='ltr'>sed</span> <span class='ocrx_word' id='word_1_107' title='bbox 1364 1345 1606 1398; x_wconf 90' lang='lat' dir='ltr'>colefium</span> <span class='ocrx_word' id='word_1_108' title='bbox 1641 1361 1905 1398; x_wconf 89' lang='lat' dir='ltr'>acronem.</span> 
     </span>
     <span class='ocr_line' id='line_1_16' title="bbox 326 1419 1503 1490; baseline -0.001 -19"><span class='ocrx_word' id='word_1_109' title='bbox 326 1419 494 1483; x_wconf 89' lang='lat' dir='ltr'>facies</span> <span class='ocrx_word' id='word_1_110' title='bbox 533 1424 589 1471; x_wconf 92' lang='lat' dir='ltr'>ut</span> <span class='ocrx_word' id='word_1_111' title='bbox 628 1419 835 1472; x_wconf 86' lang='lat' dir='ltr'><strong>ferveat</strong></span> <span class='ocrx_word' id='word_1_112' title='bbox 873 1436 1032 1490; x_wconf 89' lang='lat' dir='ltr'>super</span> <span class='ocrx_word' id='word_1_113' title='bbox 1069 1419 1249 1486; x_wconf 82' lang='lat' dir='ltr'>ignem</span> <span class='ocrx_word' id='word_1_114' title='bbox 1289 1419 1503 1472; x_wconf 89' lang='lat' dir='ltr'>lentum.</span> 
     </span>
    </p>

    <p class='ocr_par' dir='ltr' id='par_1_3' title="bbox 325 1491 1913 1914">
     <span class='ocr_line' id='line_1_17' title="bbox 439 1491 1909 1558; baseline -0.001 -13"><span class='ocrx_word' id='word_1_115' title='bbox 439 1494 560 1547; x_wconf 75' lang='lat'>209.</span> <span class='ocrx_word' id='word_1_116' title='bbox 599 1493 824 1546; x_wconf 90' lang='lat' dir='ltr'>Aliter</span> <span class='ocrx_word' id='word_1_117' title='bbox 862 1493 1185 1546; x_wconf 85' lang='lat' dir='ltr'>tisanam:</span> <span class='ocrx_word' id='word_1_118' title='bbox 1227 1491 1458 1545; x_wconf 89' lang='lat' dir='ltr'>infundis</span> <span class='ocrx_word' id='word_1_119' title='bbox 1481 1492 1637 1558; x_wconf 82' lang='lat' dir='ltr'>cicer,</span> <span class='ocrx_word' id='word_1_120' title='bbox 1692 1491 1909 1545; x_wconf 84' lang='lat' dir='ltr'>lenticu-</span> 
     </span>
     <span class='ocr_line' id='line_1_18' title="bbox 325 1565 1911 1635; baseline -0.001 -16"><span class='ocrx_word' id='word_1_121' title='bbox 325 1567 447 1634; x_wconf 89' lang='lat' dir='ltr'>lam,</span> <span class='ocrx_word' id='word_1_122' title='bbox 490 1567 678 1635; x_wconf 88' lang='lat' dir='ltr'>pisam.</span> <span class='ocrx_word' id='word_1_123' title='bbox 723 1566 957 1620; x_wconf 69' lang='lat' dir='ltr'>defi-icas</span> <span class='ocrx_word' id='word_1_124' title='bbox 1004 1567 1231 1619; x_wconf 89' lang='lat' dir='ltr'>tisanam</span> <span class='ocrx_word' id='word_1_125' title='bbox 1286 1571 1337 1619; x_wconf 87' lang='lat' dir='ltr'>et</span> <span class='ocrx_word' id='word_1_126' title='bbox 1390 1583 1505 1619; x_wconf 88' lang='lat' dir='ltr'>cum</span> <span class='ocrx_word' id='word_1_127' title='bbox 1558 1565 1911 1633; x_wconf 84' lang='lat' dir='ltr'>leguminibus</span> 
     </span>
     <span class='ocr_line' id='line_1_19' title="bbox 326 1640 1912 1707; baseline -0.002 -14"><span class='ocrx_word' id='word_1_128' title='bbox 326 1641 509 1694; x_wconf 73' lang='lat' dir='ltr'>elixas</span> <span class='ocrx_word' id='word_1_129' title='bbox 550 1640 641 1693; x_wconf 86' lang='lat' dir='ltr'>ubi</span> <span class='ocrx_word' id='word_1_130' title='bbox 681 1642 817 1693; x_wconf 88' lang='lat' dir='ltr'>bene</span> <span class='ocrx_word' id='word_1_131' title='bbox 857 1640 1102 1707; x_wconf 82' lang='lat' dir='ltr'>bullierit,</span> <span class='ocrx_word' id='word_1_132' title='bbox 1146 1640 1251 1692; x_wconf 90' lang='lat' dir='ltr'>olei</span> <span class='ocrx_word' id='word_1_133' title='bbox 1290 1640 1416 1692; x_wconf 89' lang='lat' dir='ltr'>satis</span> <span class='ocrx_word' id='word_1_134' title='bbox 1457 1640 1617 1692; x_wconf 84' lang='lat' dir='ltr'>mittis</span> <span class='ocrx_word' id='word_1_135' title='bbox 1660 1644 1712 1692; x_wconf 89' lang='lat' dir='ltr'>et</span> <span class='ocrx_word' id='word_1_136' title='bbox 1751 1655 1912 1707; x_wconf 89' lang='lat' dir='ltr'>super</span> 
     </span>
     <span class='ocr_line' id='line_1_20' title="bbox 326 1712 1909 1782; baseline -0.001 -16"><span class='ocrx_word' id='word_1_137' title='bbox 326 1713 516 1767; x_wconf 84' lang='lat' dir='ltr'>viridia</span> <span class='ocrx_word' id='word_1_138' title='bbox 555 1714 793 1767; x_wconf 86' lang='lat' dir='ltr'>concidis</span> <span class='ocrx_word' id='word_1_139' title='bbox 833 1731 1063 1782; x_wconf 85' lang='lat' dir='ltr'>porrum,</span> <span class='ocrx_word' id='word_1_140' title='bbox 1121 1713 1472 1780; x_wconf 78' lang='lat' dir='ltr'>coriandrum,</span> <span class='ocrx_word' id='word_1_141' title='bbox 1515 1718 1743 1779; x_wconf 87' lang='lat' dir='ltr'>anetum,</span> <span class='ocrx_word' id='word_1_142' title='bbox 1778 1712 1909 1765; x_wconf 89' lang='lat' dir='ltr'>feni—</span> 
     </span>
     <span class='ocr_line' id='line_1_21' title="bbox 327 1785 1913 1859; baseline -0.001 -19"><span class='ocrx_word' id='word_1_143' title='bbox 327 1789 516 1854; x_wconf 91' lang='lat' dir='ltr'>culum,</span> <span class='ocrx_word' id='word_1_144' title='bbox 573 1790 788 1854; x_wconf 81' lang='lat' dir='ltr'>(betam,</span> <span class='ocrx_word' id='word_1_145' title='bbox 844 1786 1098 1859; x_wconf 85' lang='lat' dir='ltr'>malvam)</span> <span class='ocrx_word' id='word_1_146' title='bbox 1154 1788 1433 1840; x_wconf 88' lang='lat' dir='ltr'>coliculum</span> <span class='ocrx_word' id='word_1_147' title='bbox 1493 1787 1721 1840; x_wconf 90' lang='lat' dir='ltr'>mollem.</span> <span class='ocrx_word' id='word_1_148' title='bbox 1777 1785 1913 1839; x_wconf 90' lang='lat' dir='ltr'>haec</span> 
     </span>
     <span class='ocr_line' id='line_1_22' title="bbox 325 1859 1913 1914; baseline 0 -2"><span class='ocrx_word' id='word_1_149' title='bbox 325 1861 516 1913; x_wconf 87' lang='lat' dir='ltr'>viridia</span> <span class='ocrx_word' id='word_1_150' title='bbox 554 1862 846 1914; x_wconf 87' lang='lat' dir='ltr'>minutatim</span> <span class='ocrx_word' id='word_1_151' title='bbox 889 1861 1106 1914; x_wconf 89' lang='lat' dir='ltr'>concisa</span> <span class='ocrx_word' id='word_1_152' title='bbox 1144 1862 1197 1912; x_wconf 86' lang='lat' dir='ltr'>in</span> <span class='ocrx_word' id='word_1_153' title='bbox 1233 1862 1521 1914; x_wconf 84' lang='lat' dir='ltr'>caccabum</span> <span class='ocrx_word' id='word_1_154' title='bbox 1555 1860 1730 1912; x_wconf 80' lang='lat' dir='ltr'>mittis,</span> <span class='ocrx_word' id='word_1_155' title='bbox 1814 1859 1913 1912; x_wconf 86' lang='lat' dir='ltr'>Co-</span> 
     </span>
    </p>
   </div>
   <div class='ocr_carea' id='block_1_3' title="bbox 325 1993 1079 2923">
    <p class='ocr_par' dir='ltr' id='par_1_4' title="bbox 325 1993 1079 2923">
     <span class='ocr_line' id='line_1_23' title="bbox 327 1993 1068 2037; baseline -0.001 0"><span class='ocrx_word' id='word_1_156' title='bbox 327 1993 500 2037; x_wconf 85' lang='lat' dir='ltr'>elixata</span> <span class='ocrx_word' id='word_1_157' title='bbox 553 1993 796 2036; x_wconf 79' lang='lat'>121.133.</span> <span class='ocrx_word' id='word_1_158' title='bbox 861 1993 960 2036; x_wconf 84' lang='lat'>141.</span> <span class='ocrx_word' id='word_1_159' title='bbox 1014 2018 1068 2024; x_wconf 88' lang='lat'>—</span> 
     </span>
     <span class='ocr_line' id='line_1_24' title="bbox 326 2052 1069 2107; baseline 0.001 -12"><span class='ocrx_word' id='word_1_160' title='bbox 326 2052 521 2095; x_wconf 87' lang='lat' dir='ltr'>mittis</span> <span class='ocrx_word' id='word_1_161' title='bbox 579 2065 717 2107; x_wconf 87' lang='lat' dir='ltr'>super</span> <span class='ocrx_word' id='word_1_162' title='bbox 771 2052 962 2107; x_wconf 89' lang='lat' dir='ltr'>pullum.</span> <span class='ocrx_word' id='word_1_163' title='bbox 1015 2077 1069 2083; x_wconf 77' lang='lat'><em>-</em></span> 
     </span>
     <span class='ocr_line' id='line_1_25' title="bbox 326 2111 1071 2167; baseline 0.001 -13"><span class='ocrx_word' id='word_1_164' title='bbox 326 2111 625 2166; x_wconf 88' lang='lat' dir='ltr'>inpensam</span> <span class='ocrx_word' id='word_1_165' title='bbox 673 2124 786 2154; x_wconf 89' lang='lat' dir='ltr'>corr.</span> <span class='ocrx_word' id='word_1_166' title='bbox 841 2124 926 2166; x_wconf 87' lang='lat' dir='ltr'>pro</span> <span class='ocrx_word' id='word_1_167' title='bbox 984 2112 1071 2167; x_wconf 91' lang='lat' dir='ltr'>ip-</span> 
     </span>
     <span class='ocr_line' id='line_1_26' title="bbox 326 2169 1075 2225; baseline -0.003 -12"><span class='ocrx_word' id='word_1_168' title='bbox 326 2182 459 2222; x_wconf 88' lang='lat' dir='ltr'>sam,</span> <span class='ocrx_word' id='word_1_169' title='bbox 508 2170 617 2213; x_wconf 91' lang='lat' dir='ltr'>olim</span> <span class='ocrx_word' id='word_1_170' title='bbox 662 2170 871 2225; x_wconf 86' lang='lat' dir='ltr'>pisam.</span> <span class='ocrx_word' id='word_1_171' title='bbox 921 2196 974 2201; x_wconf 83' lang='lat'><em>-</em></span> <span class='ocrx_word' id='word_1_172' title='bbox 1023 2169 1075 2214; x_wconf 87' lang='lat' dir='ltr'>si</span> 
     </span>
     <span class='ocr_line' id='line_1_27' title="bbox 327 2229 1073 2284; baseline 0 -12"><span class='ocrx_word' id='word_1_173' title='bbox 327 2229 488 2273; x_wconf 87' lang='lat' dir='ltr'>elisum</span> <span class='ocrx_word' id='word_1_174' title='bbox 521 2229 696 2272; x_wconf 88' lang='lat' dir='ltr'>addidi.</span> <span class='ocrx_word' id='word_1_175' title='bbox 731 2255 785 2260; x_wconf 90' lang='lat'>—</span> <span class='ocrx_word' id='word_1_176' title='bbox 828 2242 1073 2284; x_wconf 90' lang='lat' dir='ltr'>opercu-</span> 
     </span>
     <span class='ocr_line' id='line_1_28' title="bbox 326 2288 1072 2343; baseline 0.001 -12"><span class='ocrx_word' id='word_1_177' title='bbox 326 2288 437 2332; x_wconf 92' lang='lat' dir='ltr'>lum</span> <span class='ocrx_word' id='word_1_178' title='bbox 471 2293 521 2332; x_wconf 89' lang='lat' dir='ltr'>ut</span> <span class='ocrx_word' id='word_1_179' title='bbox 552 2288 655 2332; x_wconf 86' lang='lat'>431.</span> <span class='ocrx_word' id='word_1_180' title='bbox 699 2293 771 2332; x_wconf 87' lang='lat' dir='ltr'>est</span> <span class='ocrx_word' id='word_1_181' title='bbox 811 2288 936 2343; x_wconf 88' lang='lat' dir='ltr'>quod</span> <span class='ocrx_word' id='word_1_182' title='bbox 980 2293 1072 2332; x_wconf 79' lang='lat' dir='ltr'>tec—</span> 
     </span>
     <span class='ocr_line' id='line_1_29' title="bbox 325 2347 1074 2402; baseline 0 -13"><span class='ocrx_word' id='word_1_183' title='bbox 325 2352 423 2390; x_wconf 85' lang='lat' dir='ltr'>tum</span> <span class='ocrx_word' id='word_1_184' title='bbox 463 2347 548 2391; x_wconf 86' lang='lat' dir='ltr'>sub</span> <span class='ocrx_word' id='word_1_185' title='bbox 594 2359 684 2402; x_wconf 90' lang='lat' dir='ltr'>quo</span> <span class='ocrx_word' id='word_1_186' title='bbox 720 2347 948 2402; x_wconf 86' lang='lat' dir='ltr'>coquitur,</span> <span class='ocrx_word' id='word_1_187' title='bbox 981 2360 1074 2390; x_wconf 88' lang='lat' dir='ltr'>sar—</span> 
     </span>
     <span class='ocr_line' id='line_1_30' title="bbox 327 2406 1005 2462; baseline 0.001 -13"><span class='ocrx_word' id='word_1_188' title='bbox 327 2407 503 2462; x_wconf 87' lang='lat' dir='ltr'>taginis</span> <span class='ocrx_word' id='word_1_189' title='bbox 535 2406 610 2449; x_wconf 86' lang='lat' dir='ltr'>vel</span> <span class='ocrx_word' id='word_1_190' title='bbox 644 2406 812 2450; x_wconf 82' lang='lat' dir='ltr'>clibani</span> <span class='ocrx_word' id='word_1_191' title='bbox 844 2419 1005 2462; x_wconf 84' lang='lat' dir='ltr'>genus.</span> 
     </span>
     <span class='ocr_line' id='line_1_31' title="bbox 415 2465 1079 2520; baseline 0.002 -13"><span class='ocrx_word' id='word_1_192' title='bbox 415 2465 477 2508; x_wconf 90' lang='lat' dir='ltr'>ad</span> <span class='ocrx_word' id='word_1_193' title='bbox 509 2465 608 2508; x_wconf 78' lang='lat'>208.</span> <span class='ocrx_word' id='word_1_194' title='bbox 653 2466 697 2508; x_wconf 91' lang='lat' dir='ltr'>in</span> <span class='ocrx_word' id='word_1_195' title='bbox 729 2466 889 2520; x_wconf 84' lang='lat' dir='ltr'>paucis</span> <span class='ocrx_word' id='word_1_196' title='bbox 922 2465 1079 2509; x_wconf 87' lang='lat' dir='ltr'>differt</span> 
     </span>
     <span class='ocr_line' id='line_1_32' title="bbox 327 2524 1078 2579; baseline -0.001 -11"><span class='ocrx_word' id='word_1_197' title='bbox 327 2537 356 2568; x_wconf 89' lang='lat' dir='ltr'>a</span> <span class='ocrx_word' id='word_1_198' title='bbox 387 2524 538 2567; x_wconf 84' lang='lat' dir='ltr'>tisana</span> <span class='ocrx_word' id='word_1_199' title='bbox 573 2524 670 2567; x_wconf 82' lang='lat'>179.</span> <span class='ocrx_word' id='word_1_200' title='bbox 706 2550 761 2555; x_wconf 89' lang='lat'>—</span> <span class='ocrx_word' id='word_1_201' title='bbox 800 2537 957 2567; x_wconf 91' lang='lat' dir='ltr'>sucum</span> <span class='ocrx_word' id='word_1_202' title='bbox 989 2524 1078 2579; x_wconf 89' lang='lat' dir='ltr'>pti-</span> 
     </span>
     <span class='ocr_line' id='line_1_33' title="bbox 327 2582 1078 2627; baseline 0 0"><span class='ocrx_word' id='word_1_203' title='bbox 327 2595 467 2627; x_wconf 84' lang='lat' dir='ltr'>sanae</span> <span class='ocrx_word' id='word_1_204' title='bbox 496 2582 655 2626; x_wconf 25' lang='lat' dir='ltr'>rhodie</span> <span class='ocrx_word' id='word_1_205' title='bbox 703 2583 864 2626; x_wconf 89' lang='lat' dir='ltr'>dicunt</span> <span class='ocrx_word' id='word_1_206' title='bbox 906 2596 1078 2627; x_wconf 80' lang='lat' dir='ltr'>cremo-</span> 
     </span>
     <span class='ocr_line' id='line_1_34' title="bbox 327 2642 1079 2697; baseline -0.003 -11"><span class='ocrx_word' id='word_1_207' title='bbox 327 2655 422 2686; x_wconf 90' lang='lat' dir='ltr'>rem</span> <span class='ocrx_word' id='word_1_208' title='bbox 469 2642 696 2697; x_wconf 84' lang='lat' dir='ltr'>ptisanae.</span> <span class='ocrx_word' id='word_1_209' title='bbox 759 2642 903 2685; x_wconf 87' lang='lat' dir='ltr'>Petiti</span> <span class='ocrx_word' id='word_1_210' title='bbox 947 2642 1079 2685; x_wconf 85' lang='lat' dir='ltr'>Com-</span> 
     </span>
     <span class='ocr_line' id='line_1_35' title="bbox 327 2700 1079 2756; baseline 0.001 -12"><span class='ocrx_word' id='word_1_211' title='bbox 327 2706 468 2744; x_wconf 87' lang='lat' dir='ltr'>ment.</span> <span class='ocrx_word' id='word_1_212' title='bbox 502 2700 563 2744; x_wconf 89' lang='lat' dir='ltr'>ad</span> <span class='ocrx_word' id='word_1_213' title='bbox 595 2700 786 2745; x_wconf 88' lang='lat' dir='ltr'>Aretae.</span> <span class='ocrx_word' id='word_1_214' title='bbox 818 2714 861 2756; x_wconf 91' lang='lat' dir='ltr'>p.</span> <span class='ocrx_word' id='word_1_215' title='bbox 885 2715 942 2743; x_wconf 91' lang='lat' dir='ltr'>m.</span> <span class='ocrx_word' id='word_1_216' title='bbox 978 2701 1079 2745; x_wconf 75' lang='lat'>228.</span> 
     </span>
     <span class='ocr_line' id='line_1_36' title="bbox 328 2760 1079 2815; baseline -0.004 -11"><span class='ocrx_word' id='word_1_217' title='bbox 328 2760 654 2815; x_wconf 67' lang='lat' dir='ltr'>aliquamss.</span> <span class='ocrx_word' id='word_1_218' title='bbox 674 2760 931 2815; x_wconf 61' lang='lat' dir='ltr'>aaa—ig.</span> <span class='ocrx_word' id='word_1_219' title='bbox 964 2760 1079 2803; x_wconf 87' lang='lat' dir='ltr'>vel-</span> 
     </span>
     <span class='ocr_line' id='line_1_37' title="bbox 330 2818 1079 2863; baseline -0.003 -1"><span class='ocrx_word' id='word_1_220' title='bbox 330 2819 457 2863; x_wconf 88' lang='lat' dir='ltr'>dum</span> <span class='ocrx_word' id='word_1_221' title='bbox 491 2819 625 2863; x_wconf 82' lang='lat' dir='ltr'>codd.</span> <span class='ocrx_word' id='word_1_222' title='bbox 662 2818 918 2862; x_wconf 89' lang='lat' dir='ltr'>calidum</span> <span class='ocrx_word' id='word_1_223' title='bbox 952 2819 1079 2863; x_wconf 87' lang='lat' dir='ltr'>vel-</span> 
     </span>
     <span class='ocr_line' id='line_1_38' title="bbox 330 2878 1078 2923; baseline -0.004 0"><span class='ocrx_word' id='word_1_224' title='bbox 330 2878 456 2923; x_wconf 83' lang='lat' dir='ltr'>dum</span> <span class='ocrx_word' id='word_1_225' title='bbox 490 2894 534 2920; x_wconf 79' lang='grc' dir='ltr'>π.</span> <span class='ocrx_word' id='word_1_226' title='bbox 555 2905 609 2910; x_wconf 86' lang='grc'><strong>-</strong></span> <span class='ocrx_word' id='word_1_227' title='bbox 629 2879 921 2923; x_wconf 89' lang='lat' dir='ltr'>colevium</span> <span class='ocrx_word' id='word_1_228' title='bbox 943 2878 1078 2921; x_wconf 88' lang='lat' dir='ltr'>codd.</span> 
     </span>
    </p>
   </div>
   <div class='ocr_carea' id='block_1_4' title="bbox 1160 1991 1919 2803">
    <p class='ocr_par' dir='ltr' id='par_1_5' title="bbox 1160 1991 1917 2462">
     <span class='ocr_line' id='line_1_39' title="bbox 1160 1991 1917 2048; baseline -0.001 -12"><span class='ocrx_word' id='word_1_229' title='bbox 1160 1993 1420 2048; x_wconf 90' lang='lat' dir='ltr'>puleium</span> <span class='ocrx_word' id='word_1_230' title='bbox 1469 1996 1525 2036; x_wconf 88' lang='lat' dir='ltr'>et</span> <span class='ocrx_word' id='word_1_231' title='bbox 1570 1993 1609 2036; x_wconf 87' lang='lat' dir='ltr'>i.</span> <span class='ocrx_word' id='word_1_232' title='bbox 1653 2008 1698 2035; x_wconf 81' lang='grc' dir='ltr'>π.</span> <span class='ocrx_word' id='word_1_233' title='bbox 1748 1991 1917 2035; x_wconf 92' lang='lat' dir='ltr'>colo-</span> 
     </span>
     <span class='ocr_line' id='line_1_40' title="bbox 1160 2051 1916 2106; baseline -0.001 -10"><span class='ocrx_word' id='word_1_234' title='bbox 1160 2053 1307 2096; x_wconf 85' lang='lat' dir='ltr'>sium</span> <span class='ocrx_word' id='word_1_235' title='bbox 1350 2051 1508 2095; x_wconf 89' lang='lat' dir='ltr'>Torini</span> <span class='ocrx_word' id='word_1_236' title='bbox 1540 2064 1716 2106; x_wconf 87' lang='lat' dir='ltr'>margo.</span> <span class='ocrx_word' id='word_1_237' title='bbox 1751 2076 1804 2082; x_wconf 93' lang='lat'><strong>—</strong></span> <span class='ocrx_word' id='word_1_238' title='bbox 1837 2064 1916 2106; x_wconf 88' lang='lat' dir='ltr'>pr.</span> 
     </span>
     <span class='ocr_line' id='line_1_41' title="bbox 1162 2110 1911 2166; baseline -0.003 -12"><span class='ocrx_word' id='word_1_239' title='bbox 1162 2124 1360 2154; x_wconf 89' lang='lat' dir='ltr'>sucum</span> <span class='ocrx_word' id='word_1_240' title='bbox 1393 2111 1491 2154; x_wconf 91' lang='lat' dir='ltr'>suci</span> <span class='ocrx_word' id='word_1_241' title='bbox 1524 2110 1689 2166; x_wconf 85' lang='lat' dir='ltr'>gratia,</span> <span class='ocrx_word' id='word_1_242' title='bbox 1722 2110 1783 2153; x_wconf 87' lang='lat' dir='ltr'>ad</span> <span class='ocrx_word' id='word_1_243' title='bbox 1801 2110 1911 2152; x_wconf 84' lang='lat' dir='ltr'>tisa-</span> 
     </span>
     <span class='ocr_line' id='line_1_42' title="bbox 1162 2169 1915 2213; baseline -0.001 -1"><span class='ocrx_word' id='word_1_244' title='bbox 1162 2183 1266 2212; x_wconf 90' lang='lat' dir='ltr'>nam</span> <span class='ocrx_word' id='word_1_245' title='bbox 1330 2169 1647 2213; x_wconf 89' lang='lat' dir='ltr'>condiendam.</span> <span class='ocrx_word' id='word_1_246' title='bbox 1713 2174 1915 2212; x_wconf 86' lang='lat' dir='ltr'>trans-</span> 
     </span>
     <span class='ocr_line' id='line_1_43' title="bbox 1164 2226 1917 2283; baseline -0.001 -12"><span class='ocrx_word' id='word_1_247' title='bbox 1164 2228 1282 2272; x_wconf 84' lang='lat' dir='ltr'><strong>fers</strong></span> <span class='ocrx_word' id='word_1_248' title='bbox 1315 2244 1349 2268; x_wconf 83' lang='grc' dir='ltr'><em>π</em></span> <span class='ocrx_word' id='word_1_249' title='bbox 1383 2229 1454 2272; x_wconf 91' lang='lat' dir='ltr'>ed</span> <span class='ocrx_word' id='word_1_250' title='bbox 1488 2242 1555 2283; x_wconf 91' lang='lat' dir='ltr'>pr.</span> <span class='ocrx_word' id='word_1_251' title='bbox 1591 2228 1646 2271; x_wconf 90' lang='lat' dir='ltr'>H</span> <span class='ocrx_word' id='word_1_252' title='bbox 1691 2253 1745 2258; x_wconf 92' lang='lat'>—</span> <span class='ocrx_word' id='word_1_253' title='bbox 1787 2226 1917 2271; x_wconf 91' lang='lat' dir='ltr'>silfi</span> 
     </span>
     <span class='ocr_line' id='line_1_44' title="bbox 1165 2286 1915 2336; baseline -0.004 -5"><span class='ocrx_word' id='word_1_254' title='bbox 1165 2289 1199 2336; x_wconf 79' lang='grc' dir='ltr'>ζ.</span> <span class='ocrx_word' id='word_1_255' title='bbox 1234 2313 1287 2319; x_wconf 86' lang='grc'>-</span> <span class='ocrx_word' id='word_1_256' title='bbox 1333 2292 1398 2331; x_wconf 88' lang='lat' dir='ltr'>ut</span> <span class='ocrx_word' id='word_1_257' title='bbox 1439 2287 1587 2331; x_wconf 90' lang='lat' dir='ltr'>bene</span> <span class='ocrx_word' id='word_1_258' title='bbox 1628 2291 1671 2329; x_wconf 89' lang='lat' dir='ltr'>t.</span> <span class='ocrx_word' id='word_1_259' title='bbox 1715 2300 1761 2330; x_wconf 91' lang='lat' dir='ltr'>s.</span> <span class='ocrx_word' id='word_1_260' title='bbox 1805 2286 1915 2330; x_wconf 87' lang='lat' dir='ltr'>mel</span> 
     </span>
     <span class='ocr_line' id='line_1_45' title="bbox 1169 2350 1917 2390; baseline -0.003 0"><span class='ocrx_word' id='word_1_261' title='bbox 1169 2361 1258 2390; x_wconf 90' lang='lat' dir='ltr'>om.</span> <span class='ocrx_word' id='word_1_262' title='bbox 1307 2362 1354 2390; x_wconf 77' lang='grc' dir='ltr'>π.</span> <span class='ocrx_word' id='word_1_263' title='bbox 1404 2372 1457 2377; x_wconf 90' lang='lat'>--</span> <span class='ocrx_word' id='word_1_264' title='bbox 1521 2350 1753 2389; x_wconf 88' lang='lat' dir='ltr'><strong>teratur</strong></span> <span class='ocrx_word' id='word_1_265' title='bbox 1801 2358 1917 2389; x_wconf 87' lang='lat' dir='ltr'>corr.</span> 
     </span>
     <span class='ocr_line' id='line_1_46' title="bbox 1168 2403 1917 2462; baseline -0.003 -13"><span class='ocrx_word' id='word_1_266' title='bbox 1168 2419 1252 2461; x_wconf 87' lang='lat' dir='ltr'>pro</span> <span class='ocrx_word' id='word_1_267' title='bbox 1302 2410 1570 2462; x_wconf 80' lang='lat' dir='ltr'>tegatur.</span> <span class='ocrx_word' id='word_1_268' title='bbox 1624 2403 1681 2447; x_wconf 90' lang='lat' dir='ltr'>cf.</span> <span class='ocrx_word' id='word_1_269' title='bbox 1732 2405 1917 2448; x_wconf 88' lang='lat' dir='ltr'>omnino</span> 
     </span>
    </p>

    <p class='ocr_par' dir='ltr' id='par_1_6' title="bbox 1170 2520 1919 2803">
     <span class='ocr_line' id='line_1_47' title="bbox 1258 2520 1917 2567; baseline -0.006 0"><span class='ocrx_word' id='word_1_270' title='bbox 1258 2523 1319 2567; x_wconf 89' lang='lat' dir='ltr'>ad</span> <span class='ocrx_word' id='word_1_271' title='bbox 1352 2524 1449 2566; x_wconf 73' lang='lat'>209.</span> <span class='ocrx_word' id='word_1_272' title='bbox 1496 2522 1657 2566; x_wconf 85' lang='lat' dir='ltr'>eadem</span> <span class='ocrx_word' id='word_1_273' title='bbox 1690 2520 1785 2565; x_wconf 88' lang='lat' dir='ltr'><strong>fere</strong></span> <span class='ocrx_word' id='word_1_274' title='bbox 1822 2521 1917 2564; x_wconf 83' lang='lat'>180.</span> 
     </span>
     <span class='ocr_line' id='line_1_48' title="bbox 1170 2580 1917 2636; baseline -0.004 -10"><span class='ocrx_word' id='word_1_275' title='bbox 1170 2582 1249 2627; x_wconf 89' lang='lat' dir='ltr'>ubi</span> <span class='ocrx_word' id='word_1_276' title='bbox 1281 2582 1403 2633; x_wconf 83' lang='lat' dir='ltr'>vide,</span> <span class='ocrx_word' id='word_1_277' title='bbox 1436 2581 1635 2636; x_wconf 86' lang='lat' dir='ltr'>indeque</span> <span class='ocrx_word' id='word_1_278' title='bbox 1673 2580 1917 2636; x_wconf 85' lang='lat' dir='ltr'>intelleges</span> 
     </span>
     <span class='ocr_line' id='line_1_49' title="bbox 1173 2640 1916 2697; baseline -0.004 -13"><span class='ocrx_word' id='word_1_279' title='bbox 1173 2641 1399 2697; x_wconf 87' lang='lat' dir='ltr'>quaedam</span> <span class='ocrx_word' id='word_1_280' title='bbox 1448 2640 1687 2684; x_wconf 79' lang='lat' dir='ltr'>excidisse.</span> <span class='ocrx_word' id='word_1_281' title='bbox 1738 2665 1791 2669; x_wconf 84' lang='lat'>——-</span> <span class='ocrx_word' id='word_1_282' title='bbox 1835 2651 1916 2681; x_wconf 90' lang='lat' dir='ltr'>an.</span> 
     </span>
     <span class='ocr_line' id='line_1_50' title="bbox 1171 2697 1919 2743; baseline -0.001 0"><span class='ocrx_word' id='word_1_283' title='bbox 1171 2698 1487 2743; x_wconf 75' lang='lat' dir='ltr'>feniculum</span> <span class='ocrx_word' id='word_1_284' title='bbox 1522 2699 1750 2743; x_wconf 91' lang='lat' dir='ltr'>mollem</span> <span class='ocrx_word' id='word_1_285' title='bbox 1783 2697 1919 2742; x_wconf 87' lang='lat' dir='ltr'>codd.</span> 
     </span>
     <span class='ocr_line' id='line_1_51' title="bbox 1172 2756 1916 2803; baseline -0.003 -2"><span class='ocrx_word' id='word_1_286' title='bbox 1172 2785 1226 2790; x_wconf 85' lang='lat'>—-</span> <span class='ocrx_word' id='word_1_287' title='bbox 1274 2759 1428 2802; x_wconf 89' lang='lat' dir='ltr'>mina</span> <span class='ocrx_word' id='word_1_288' title='bbox 1477 2759 1724 2803; x_wconf 87' lang='lat' dir='ltr'>concisa</span> <span class='ocrx_word' id='word_1_289' title='bbox 1782 2756 1916 2800; x_wconf 85' lang='lat' dir='ltr'>codd.</span> 
     </span>
    </p>
   </div>
   <div class='ocr_carea' id='block_1_5' title="bbox 1171 2816 1919 2931">
    <p class='ocr_par' dir='ltr' id='par_1_7' title="bbox 1171 2816 1919 2931">
     <span class='ocr_line' id='line_1_52' title="bbox 1171 2816 1918 2861; baseline -0.004 0"><span class='ocrx_word' id='word_1_290' title='bbox 1171 2818 1299 2861; x_wconf 87' lang='lat' dir='ltr'>olera</span> <span class='ocrx_word' id='word_1_291' title='bbox 1340 2818 1516 2861; x_wconf 87' lang='lat' dir='ltr'>minuta</span> <span class='ocrx_word' id='word_1_292' title='bbox 1557 2831 1655 2860; x_wconf 51' lang='lat' dir='ltr'>uno¹</span> <span class='ocrx_word' id='word_1_293' title='bbox 1689 2816 1918 2860; x_wconf 85' lang='lat' dir='ltr'>vocabulo</span> 
     </span>
     <span class='ocr_line' id='line_1_53' title="bbox 1171 2876 1919 2931; baseline -0.001 -12"><span class='ocrx_word' id='word_1_294' title='bbox 1171 2876 1375 2927; x_wconf 79' lang='lat' dir='ltr'>hereIa,</span> <span class='ocrx_word' id='word_1_295' title='bbox 1438 2877 1559 2920; x_wconf 88' lang='lat' dir='ltr'>Fest.</span> <span class='ocrx_word' id='word_1_296' title='bbox 1625 2889 1668 2931; x_wconf 88' lang='lat' dir='ltr'>p.</span> <span class='ocrx_word' id='word_1_297' title='bbox 1728 2876 1825 2927; x_wconf 73' lang='lat'>103,</span> <span class='ocrx_word' id='word_1_298' title='bbox 1879 2876 1919 2928; x_wconf 81' lang='lat'>7,</span> 
     </span>
    </p>
   </div>
   <div class='ocr_carea' id='block_1_6' title="bbox 1415 2997 1450 3013">
    <p class='ocr_par' dir='ltr' id='par_1_8' title="bbox 1415 2997 1450 3013">
     <span class='ocr_line' id='line_1_54' title="bbox 1415 2997 1450 3013; baseline -0.057 0"><span class='ocrx_word' id='word_1_299' title='bbox 1415 2997 1450 3013; x_wconf 61' lang='lat' dir='ltr'>,s</span> 
     </span>
    </p>
   </div>
  </div>
 </body>
</html>
