2066 3276
713 259 811 307 Lib.
831 259 908 305 VI.
971 259 1211 318 Tropetes.
1632 258 1732 313 121

262 396 385 450 228.
445 395 611 449 Aliter
649 395 728 448 ius
754 395 808 448 in
848 392 1067 448 avibus:
1112 392 1283 462 piper,
1314 391 1615 460 ligisticum,
1643 408 1735 460 pe-

146 469 459 536 trosilinum,
499 473 731 523 mentam
771 469 990 535 siccam,
1035 467 1186 522 cneci
1225 466 1400 533 fioreS,
1453 467 1577 520 vino
1630 464 1737 518 suf-

146 542 345 610 fundis,
400 543 605 597 adicies
667 543 945 611 ponticam
1001 542 1090 595 vel
1144 540 1474 609 amigdalam
1525 544 1737 606 tostam,

144 618 254 670 mel
294 617 579 702 modicum,
632 617 756 670 vino
811 622 864 671 et
903 620 1078 682 acet0,
1130 615 1421 700 liquamine
1474 619 1738 682 tempera-

144 691 244 745 bis,
290 692 466 745 oleum
517 692 574 743 in
628 691 916 759 pultarium
971 706 1135 758 super
1187 689 1269 741 ius
1311 688 1487 742 mittis.
1542 687 1738 743 calefa-

145 764 272 833 cieS,
313 765 396 818 ius
436 764 669 833 agitabis
709 764 834 835 apio
875 764 1030 817 viridi
1086 768 1137 817 et
1188 767 1401 848 nepeta.
1455 763 1739 818 incaraxas

147 842 198 893 et
236 838 531 907 perfundis.

259 914 382 966 229.
444 914 558 965 Ius
600 910 1006 965 candidum
993 929 1060 964 in
1103 926 1295 963 avem
1338 910 1618 964 elixam:
1660 911 1738 979 pi-

143 1002 256 1055 per,
298 986 603 1054 ligisticum,
645 986 910 1052 ciminum,
952 985 1062 1059 api
1084 1001 1285 1050 semen,
1343 984 1614 1054 ponticam
1653 984 1740 1039 vel

144 1060 472 1128 amigdalam
511 1064 706 1114 tostam
745 1061 832 1113 vel
870 1076 1038 1114 nuces
1082 1058 1399 1127 depellatas,
1439 1059 1544 1114 mel
1572 1058 1738 1113 modi-

146 1151 280 1201 cum,
320 1134 610 1203 liquamen,
652 1139 862 1188 acetum
903 1139 956 1188 et
997 1135 1189 1186 oleum.

258 1209 380 1261 230.
441 1209 556 1261 Ius
596 1208 823 1262 viride
884 1207 950 1260 in
992 1208 1269 1261 avibus:
1311 1206 1481 1277 piper,
1525 1224 1739 1261 careum

145 1282 348 1353 spicam
388 1281 642 1349 indicam,
685 1282 948 1349 ciminum,
992 1281 1194 1348 folium,
1239 1280 1581 1336 condimenta
1618 1282 1738 1335 viri-

145 1356 250 1423 dia,
294 1373 450 1410 omne
481 1373 650 1425 genus
681 1356 948 1424 dactilum,
991 1357 1114 1424 mel,
1157 1360 1383 1422 acetum,
1425 1357 1604 1411 vinum
1631 1373 1739 1410 mo-

144 1429 280 1497 dice,
321 1430 591 1499 liquamen
635 1436 688 1484 et
727 1431 916 1484 oleum.

990 1533 1046 1576 in
1065 1545 1316 1577 caraxas
1349 1532 1376 1575 i.
1396 1545 1433 1577 e.
1453 1532 1740 1584 incharaxas,

991 1591 1216 1647 scalpello
1249 1592 1416 1647 aperis,
1449 1590 1659 1648 perforas
1691 1597 1742 1636 ut

232 1532 293 1576 ad
326 1533 428 1576 228.
476 1546 562 1588 pro
612 1533 777 1577 eneci
824 1532 899 1577 vel

147 1590 351 1636 anethi
395 1590 521 1636 flos
565 1597 612 1636 et
656 1592 754 1635 284.
798 1592 897 1635 333.

147 1656 295 1691 κνίκου
339 1651 472 1706 ἤγουν
508 1649 557 1690 τὸ
592 1651 725 1697 ἄνθος
756 1651 900 1695 Hero-

145 1709 271 1768 phyl.
307 1710 352 1753 in
386 1709 556 1754 Ideleri
588 1710 705 1754 Med.
741 1711 845 1753 min.
878 1714 897 1753 1

143 1783 188 1824 p.
231 1769 335 1819 412,
380 1771 417 1814 1.
466 1769 678 1814 similiter
720 1770 902 1813 variant

144 1827 251 1871 libri
283 1828 421 1872 Plinii
438 1829 511 1879 21,
534 1829 592 1872 90
624 1834 670 1873 et
702 1828 760 1872 94
791 1831 899 1881 κνῆ.-

142 1903 226 1935 κος,
253 1892 406 1936 κνῖκος,
435 1888 604 1939 micus,
638 1901 803 1932 cnecus
821 1893 897 1932 est

143 1945 405 1990 carthamus
438 1948 681 1991 tinctorius
710 1953 757 1991 et
781 1947 894 1991 mul-

143 2005 313 2060 tiplicis
331 2019 455 2057 usus,
489 2005 545 2049 ef.
569 2006 780 2058 Diosc.4,
801 2006 895 2050 187.

145 2064 249 2109 coll.
288 2065 324 2118 l,
356 2064 426 2108 44.
461 2064 662 2110 Aristot.
696 2065 801 2109 hist.
823 2078 894 2109 an.

144 2124 185 2174 5,
225 2124 289 2167 19.
324 2123 499 2169 Athen.
518 2124 559 2175 4,
582 2121 621 2167 72
647 2124 715 2175 14,
733 2125 803 2169 50.
825 2125 895 2169 60.

147 2183 363 2238 Geopon.
400 2184 470 2235 18,
505 2185 574 2235 19,
608 2184 648 2228 5.
677 2209 729 2215 -
765 2198 897 2239 pon-

144 2241 321 2285 ticam
355 2247 406 2286 ut
437 2244 536 2286 229.
557 2244 656 2286 337.
691 2243 790 2287 scil.
818 2257 898 2287 nu-

145 2313 258 2351 cem,
302 2300 418 2344 Plin.
455 2302 523 2352 15,
557 2302 626 2346 88.
676 2302 898 2358 interpre-

144 2364 219 2403 tor
251 2359 623 2412 heracleoticam,
668 2375 723 2405 ex
757 2361 899 2405 Hera—

145 2418 245 2462 clea
304 2418 445 2463 Ponti
496 2420 623 2470 urbe,
670 2420 896 2476 persicam

146 2477 433 2529 molluscam,
489 2479 655 2523 ceteris
702 2479 897 2523 nucibus

144 2536 417 2587 molliorem,
465 2537 667 2582 Macrob
716 2543 806 2581 sat.
853 2539 895 2589 3,

148 2596 218 2647 18,
265 2596 331 2639 10.
389 2596 546 2635 λεπτοκ
524 2595 599 2652 κὰρ
608 2613 656 2636 vo
635 2612 683 2636 ον
720 2596 893 2641 Athen.

147 2656 188 2706 2,
236 2654 306 2697 41.
353 2650 592 2699 tiirkische
638 2654 894 2700 haselnuss.

144 2738 200 2744 -
855 2716 880 2758 2

143 2727 286 2816 Italis}1
300 2718 473 2816 {ggii}
484 2719 760 2824 εἰὲῃὲῗέᾓῗιῗ,
792 2715 895 2818 {fis-⁰

145 2831 277 2886 panis
309 2831 506 2882 nevada,
539 2832 710 2876 nostris
738 2836 893 2888 nepte,

145 2890 331 2936 melissa
361 2895 532 2950 nepeta
564 2892 612 2934 L.
655 2889 892 2949 feldpolei.

990 1651 1226 1695 humorem
1260 1651 1470 1695 emittere
1512 1651 1586 1695 vel
1620 1664 1742 1696 com-

990 1710 1151 1754 bibere
1193 1711 1356 1766 possit.
1401 1710 1596 1767 simplex
1642 1724 1742 1756 ver-

991 1770 1100 1814 bum
1148 1769 1321 1824 legitur
1381 1782 1459 1825 ap.
1522 1770 1741 1815 Prudent.

992 1829 1149 1885 perist.
1188 1830 1256 1879 10,
1290 1829 1389 1872 557.
1425 1833 1472 1874 et
1503 1828 1623 1873 infra
1640 1831 1739 1874 239.

987 1888 1066 1932 ubi
1098 1901 1195 1943 par.
1230 1888 1350 1932 male
1384 1887 1527 1933 habet
1562 1901 1741 1942 „caras-

987 1950 1107 1998 sas“,
1140 1948 1185 1991 in
1215 1947 1378 1991 mediis
1410 1948 1529 1992 enim
1547 1948 1742 1992 vocibus

989 2020 1045 2051 ex
1093 2021 1141 2046 σσ
1182 2005 1445 2062 (χαράσσειν)
1494 2002 1549 2051 fit
1590 2021 1632 2051 x.
1675 2008 1744 2052 Sic

988 2065 1223 2110 malaxare
1266 2071 1338 2110 est
1390 2065 1612 2119 μαλάσσειν
1667 2079 1740 2123 ap,

990 2125 1121 2168 Varr.
1165 2126 1210 2168 L.
1244 2126 1295 2168 L.
1339 2126 1381 2175 6,
1413 2127 1483 2170 96.
1518 2126 1741 2182 Pelagon.

991 2185 1031 2228 5.
1065 2185 1176 2228 Deo.
1211 2184 1376 2228 Laber.
1412 2185 1485 2229 ed.
1512 2184 1741 2230 Ribbeck.

990 2257 1033 2300 p.
1050 2244 1149 2286 241.
1176 2243 1501 2288 conmalaxare
1519 2257 1578 2300 ap
1609 2244 1740 2289 Varr.

989 2302 1129 2347 Nonii
1170 2316 1200 2358 p
1259 2303 1333 2347 58.
1366 2303 1449 2347 sed
1483 2304 1503 2351 ζ
1534 2302 1650 2347 facit
1680 2317 1742 2355 sS,

992 2365 1043 2405 ut
1072 2360 1183 2414 μάζα
1206 2374 1378 2413 massa,
1396 2362 1632 2414 μαλακίζειν
1648 2375 1741 2406 ma-

988 2420 1207 2464 lacissare
1225 2433 1299 2476 ap.
1316 2421 1470 2466 Plaut.
1488 2419 1654 2464 Bacch.
1668 2421 1740 2465 40.

1078 2479 1139 2523 ad
1172 2480 1271 2523 229.
1307 2480 1529 2535 pontio.
1565 2481 1739 2523 228.—

989 2538 1312 2594 depelatas
1366 2543 1482 2583 vatt.
1540 2543 1587 2583 et
1619 2538 1741 2583 florr.

988 2597 1170 2653 depil.
1204 2598 1359 2654 vulgo.
1395 2598 1456 2642 ad
1487 2598 1557 2642 53.
1591 2598 1650 2643 ab
1684 2611 1741 2642 eo

988 2656 1132 2701 verbo
1168 2661 1239 2701 est
1270 2658 1491 2713 pellarius
1535 2657 1612 2713 qui
1644 2657 1742 2713 pel-

987 2715 1055 2760 les
1089 2720 1221 2760 curat
1253 2722 1301 2761 et
1326 2716 1596 2772 pelliculare
1619 2715 1741 2772 pelle

985 2779 1157 2831 tegere.

1075 2834 1138 2878 ad
1170 2834 1272 2878 230.
1333 2847 1600 2878 carenum
1641 2845 1737 2889 par.

985 2892 1087 2938 224.
1126 2919 1175 2924 —-
1213 2893 1506 2939 dactilfim
1542 2893 1639 2938 197.
