2066 3276
316 251 384 304 96

1083 146 1108 173 k

831 249 929 293 Lib.
961 249 1039 293 IV.
1102 249 1370 292 Pandectes.

315 382 450 435 aridi
489 381 770 447 modicum,
814 381 1060 433 ciminum
1107 385 1158 433 et
1196 379 1295 444 silfi
1335 379 1542 431 frictum
1576 411 1643 416 —
1678 385 1733 431 ut
1764 381 1901 433 bene

315 461 531 521 teratur,
584 454 842 506 suffundis
893 459 1100 507 acetum
1149 486 1220 491 —
1261 444 1553 518 defrictum,
1609 453 1898 519 liquamen.

310 529 553 594 ,refundis
585 528 640 580 in
675 529 979 593 caccabum,
1022 526 1119 580 sed
1154 525 1394 579 colefium
1425 542 1690 580 acronem.
1730 526 1899 579 facies

315 609 373 655 ut
408 603 615 655 ferveat
654 618 813 671 super
851 601 1032 668 ignem
1070 601 1284 653 lentum.

433 677 538 729 180
595 676 912 728 Tisanam
945 674 1298 726 farricam:
1333 671 1566 724 infundis
1598 672 1753 738 cicer,
1789 673 1899 725 len-

315 748 548 816 ticulam,
589 749 776 817 pisam.
831 747 1064 801 defricas
1103 747 1327 799 tisanam
1370 751 1422 798 et
1462 762 1578 798 cum
1625 746 1900 812 legumini-

317 826 414 878 bus
468 824 653 876 elixas.
706 822 795 876 ubi
840 823 978 875 bene
1030 821 1273 887 bullierit,
1330 819 1432 872 olei
1485 819 1612 872 satis
1653 820 1811 872 mittis
1853 824 1906 871 et

318 914 479 969 super
517 896 708 950 viridia
747 895 982 949 concidis
1016 911 1245 966 porrum,
1284 892 1635 960 coriandrum,
1669 897 1898 960 anetum,

318 1045 603 1100 mectiusque
650 1042 807 1088 reddis
856 1043 953 1087 186.
1011 1067 1064 1071 —-

319 1102 454 1149 silfi
487 1103 622 1147 codd.
658 1107 706 1147 et
740 1102 836 1146 180.
870 1102 954 1146 sed
985 1100 1064 1145 sil

320 1163 419 1208 208.
485 1162 610 1219 quod
662 1162 835 1218 passim
882 1160 1066 1205 reduxit

319 1222 452 1267 Hum.
499 1222 556 1267 de
594 1221 691 1265 silis
724 1221 894 1265 semine
927 1221 1064 1264 inter-

319 1286 522 1338 pretans,
563 1280 626 1324 ad
656 1280 726 1324 35.
763 1279 940 1336 Gargil.
972 1292 1065 1323 cur.

320 1342 462 1386 boum
493 1354 537 1396 p.
557 1341 626 1383 22.
646 1341 718 1384 23.
753 1364 806 1368 —
840 1343 1066 1382 teratur

323 1413 439 1445 corr.
481 1413 567 1455 pro
609 1401 855 1454 tegatur
887 1402 935 1441 et
966 1397 1065 1440 208.

320 1459 409 1503 nisi
430 1458 562 1502 malis
594 1461 845 1514 regatur
876 1456 1067 1500 admini-

320 1523 502 1563 stretur.
563 1543 618 1549 -—
680 1516 741 1560 ad
803 1516 1066 1560 absolutum

325 1576 603 1632 „suffundis“
631 1574 686 1620 cf.
708 1576 805 1618 181.
825 1576 923 1618 346.
946 1573 1066 1619 forte

325 1637 466 1690 „mel⁴‘
503 1635 767 1679 addendum
800 1647 855 1678 ex
888 1634 985 1677 208.
1019 1634 1067 1677 id

322 1696 440 1740 enim
473 1694 615 1750 vulgo
649 1694 849 1745 additur,
894 1697 945 1736 ut
976 1705 1067 1736 mc-

322 1754 411 1798 lius
453 1758 632 1797 teratur
664 1753 765 1796 245.
811 1778 865 1784 -
905 1765 1069 1795 acro-

322 1827 446 1858 nem
478 1814 523 1856 in
555 1811 698 1856 fundo
732 1825 891 1867 pones.
921 1811 1070 1855 conie-

324 1873 365 1916 ci
408 1873 517 1916 olim
564 1884 836 1916 acronem
884 1870 1071 1914 iacies

324 1937 382 1976 et
429 1931 539 1974 fac.
588 1936 639 1974 ut
685 1931 747 1974 sit
796 1936 932 1985 „ante
982 1929 1068 1972 tol-

322 1992 416 2035 les“
455 1991 552 2034 181.

412 2050 473 2093 ad
493 2049 590 2092 180.
626 2048 787 2092 eadem
820 2046 916 2092 fere
951 2060 1071 2091 com-

324 2109 513 2165 positio,
562 2108 646 2152 sed
693 2107 791 2151 sine
841 2107 1072 2157 lemmate,

324 2168 549 2223 repetitur
589 2167 690 2210 209.
738 2167 891 2209 tisana
933 2165 1072 2209 modo

325 2227 674 2270 fundamentum
707 2230 778 2268 est
809 2224 941 2267 huius
965 2224 1073 2268 edu-

325 2287 374 2329 lii
406 2285 676 2329 recentioris
709 2284 897 2339 eiusque
929 2296 985 2327 ex
1003 2295 1072 2325 ar-

324 2346 386 2389 tis
417 2344 624 2388 medicae
665 2343 926 2398 praeceptis
960 2342 1068 2385 nati.

327 2429 381 2436 —
430 2404 532 2447 tis.
582 2402 876 2447 barricam
936 2401 1072 2445 codd.

326 2462 622 2507 taricham
654 2462 680 2504 i.
717 2474 756 2505 e.
789 2461 975 2511 salsam,
1008 2460 1073 2503 iu-

327 2518 471 2567 sulse'
497 2521 682 2576 scripsit
735 2520 866 2563 Hum.
923 2532 1073 2563 meum

329 2579 609 2626 farricam
652 2583 724 2623 est
765 2579 795 2622 i.
840 2591 883 2634 q.
931 2577 1073 2621 farra-

330 2641 461 2692 ciam,
494 2652 551 2683 ex
569 2637 689 2682 farre
707 2637 907 2689 triticeo,
941 2635 1073 2680 farris

330 2699 450 2745 enim
481 2698 660 2753 species
699 2695 809 2740 mihi
853 2700 925 2740 est
957 2696 1074 2739 triti-

331 2772 432 2804 cum
475 2756 821 2801 alexandrinum
860 2759 907 2798 et
938 2755 1076 2798 inter-

330 2822 490 2875 pretor
538 2817 734 2860 tisanam
788 2814 955 2870 ἆθὴραν
996 2827 1077 2858 seu

333 2877 469 2938 θήραν
500 2875 652 2934 (Sturz
685 2873 805 2918 Dial.
839 2873 1076 2917 macedon.

1154 1054 1198 1096 p.
1233 1041 1302 1085 91.
1349 1040 1500 1085 Osann
1544 1040 1606 1083 ad
1637 1038 1827 1084 Philem.
1860 1053 1909 1094 p,

1157 1101 1278 1153 291.)
1293 1098 1649 1156 Aegyptiorum,
1669 1111 1787 1155 quae
1801 1099 1904 1154 puls

1156 1159 1354 1203 testibus
1367 1159 1650 1215 Hieronymo
1665 1158 1783 1214 Opp,
1798 1157 1902 1202 coll.

1156 1218 1255 1262 543.
1291 1218 1360 1262 ed.
1390 1218 1521 1261 Mart.
1552 1221 1599 1261 et
1617 1216 1838 1262 Cassifio
1860 1217 1906 1261 in

1157 1277 1326 1321 Collat.
1363 1277 1431 1327 15,
1468 1277 1533 1320 10.
1570 1289 1626 1320 ex
1658 1274 1794 1327 farre,
1837 1289 1906 1320 se-

1158 1337 1357 1380 cundum
1411 1335 1585 1380 Polluc.
1632 1335 1673 1386 6,
1729 1336 1797 1378 62.
1859 1339 1907 1379 et

1157 1395 1357 1453 Hesych.
1405 1394 1451 1437 in
1498 1407 1599 1438 voc.
1650 1407 1706 1438 ex
1747 1394 1904 1438 tritico

1156 1451 1223 1498 fit.
1266 1453 1438 1510 τράγον,
1480 1453 1675 1497 similem
1714 1453 1910 1508 pulticu-

1157 1514 1264 1565 lam,
1298 1527 1354 1557 ex
1386 1513 1520 1569 olyra
1551 1525 1778 1568 generosa
1810 1517 1861 1556 ut
1881 1527 1905 1556 e

1158 1573 1314 1617 tritico
1334 1572 1635 1616 alexandrino
1654 1576 1905 1622 macerato,

1158 1632 1446 1676 decorticato
1494 1636 1542 1674 et
1587 1630 1761 1675 siccato
1810 1626 1910 1674 fieri

1160 1692 1320 1736 dicunt
1368 1690 1625 1746 Geoponici
1671 1691 1713 1735 3.
1761 1690 1802 1733 8.
1859 1715 1911 1720 —

1159 1751 1301 1794 malui
1334 1749 1442 1793 olim
1474 1748 1776 1804 porricam
1803 1762 1911 1804 por-

1162 1822 1366 1860 raceam,
1429 1822 1456 1852 a
1518 1822 1658 1864 porro
1724 1808 1910 1852 conciso

1165 1882 1281 1925 quae
1314 1869 1588 1918 nominetur,
1631 1872 1678 1910 et
1720 1867 1912 1921 porri-

1164 1930 1311 1972 ciam
1343 1927 1605 1982 prosiciam,
1639 1926 1912 1980 aprosectis

1162 1987 1330 2032 herbis.
1390 1984 1656 2030 defricas
1717 1985 1788 2028 ed.
1845 1998 1911 2040 pr.

1163 2047 1295 2090 Hum.
1331 2050 1378 2088 et
1410 2046 1508 2089 209.
1545 2044 1680 2088 codd.
1710 2043 1912 2087 lavando

1164 2105 1302 2149 fricas
1337 2105 1434 2148 179.
1481 2102 1743 2147 defrixas
1778 2102 1911 2146 codd.

1166 2190 1219 2195 —
1265 2177 1443 2219 super
1484 2163 1685 2217 insuper,
1735 2166 1915 2217 praete-

1166 2236 1257 2267 rea.
1303 2248 1358 2254 —-
1408 2235 1526 2272 an.,
1585 2221 1915 2264 feniculum

1164 2282 1402 2326 mollem
1456 2281 1603 2324 tribus
1652 2279 1914 2323 nominibus

1165 2341 1345 2385 omissis
1379 2341 1480 2384 209.
1512 2340 1558 2382 ni
1590 2339 1790 2383 scribere
1820 2350 1913 2381 ma-

1164 2400 1220 2443 lis
1267 2400 1471 2450 betae,
1528 2399 1760 2442 malvae
1810 2397 1914 2441 col.

1163 2460 1473 2514 interpretans
1493 2458 1725 2502 betacium
1744 2461 1791 2501 et
1807 2456 1917 2499 mal-

1165 2519 1346 2562 vacium
1393 2516 1586 2571 (Arnob.
1615 2517 1658 2568 4,
1699 2517 1766 2559 10.
1815 2527 1918 2558 mea

1167 2578 1304 2622 Olera
1346 2590 1393 2632 p.
1437 2577 1539 2620 50*⁴
1556 2576 1629 2629 53)
1674 2575 1919 2630 intellegas

1164 2637 1239 2680 vel
1270 2636 1495 2679 Martialis
1531 2637 1598 2687 13,
1630 2635 1725 2678 101.
1758 2640 1917 2689 proto-

1166 2700 1319 2739 tomos
1360 2694 1597 2745 coliculos,
1640 2695 1841 2738 virentes
1874 2693 1915 2743 5,

1168 2755 1238 2806 78,
1271 2755 1312 2797 7.
1357 2755 1434 2810 qui
1478 2753 1660 2810 generis
1705 2752 1918 2802 oleracei,

1166 2814 1402 2858 brassicae
1446 2812 1626 2868 (Galen.
1675 2809 1761 2854 fac.
1796 2810 1919 2854 alim.

1170 2874 1211 2926 2,
1245 2873 1334 2926 58.)
1382 2874 1557 2928 primae
1593 2875 1640 2915 et
1684 2871 1919 2926 sequentis
