2066 3276
361 238 462 290 158

874 239 976 284 Lib.
999 238 1121 282 VIII.
1164 240 1410 295 Tetrapus.

589 442 847 510 Incipit
886 443 1087 511 Apici
1130 444 1326 498 Caeli
1366 450 1704 513 tetrapuS.

1002 575 1115 630 Lib.
1157 577 1303 631 VIII.

468 707 590 759 330.
633 706 815 775 Aper
853 708 953 759 ita
993 707 1344 760 conditur:
1396 710 1744 779 spongizatur
1772 717 1824 763 et
1863 713 1938 764 sic

356 780 661 850 aspargitur
701 780 749 832 ei
789 781 869 831 sal
922 786 973 832 et
1026 781 1272 834 ciminum
1309 781 1512 834 frictum
1552 789 1604 836 et
1636 784 1711 835 sic
1747 790 1941 838 manet.

355 853 459 906 alio
501 853 587 906 die
629 852 845 905 mittitur
882 854 937 906 in
975 854 1198 907 furnum.
1243 872 1358 907 cum
1400 862 1582 909 coctus
1610 857 1782 923 fuerit,
1821 875 1942 925 per-

354 927 616 979 funditur:
661 925 1074 998 [condimentum
1104 927 1380 1000 aprunum]
1410 931 1564 998 piper
1590 931 1781 997 tritum,
1818 933 1940 998 mel,

354 1001 640 1069 liquamen,
683 1017 968 1054 caroenum
1010 1007 1061 1055 et
1099 1019 1334 1070 passum.

468 1076 591 1128 331.
633 1076 801 1128 Aliter
846 1075 899 1127 in
939 1093 1099 1147 apro:
1155 1093 1294 1143 aqua
1347 1077 1550 1129 marina
1602 1094 1719 1130 cum
1771 1095 1942 1131 ramu-

355 1149 419 1202 lis
458 1149 594 1202 lauri
633 1166 821 1220 aprum
862 1149 1030 1202 elixas
1081 1167 1355 1218 quousque
1394 1150 1687 1203 madescat.
1744 1152 1942 1204 corium

357 1224 406 1277 ei
445 1224 616 1277 tolles.
660 1240 779 1276 cum
819 1224 948 1290 sale,
992 1224 1196 1292 senapi,
1239 1229 1391 1277 aceto
1431 1223 1645 1277 inferes,

467 1298 590 1350 332.
631 1298 799 1350 Aliter
836 1297 891 1349 in
920 1314 1080 1366 apro:
1122 1303 1264 1350 tores
1293 1297 1463 1368 piper,
1504 1298 1807 1366 ligisticum,
1844 1300 1942 1352 ori-

355 1387 568 1439 ganum,
611 1372 782 1439 bacas¹
815 1371 953 1423 mirti
995 1376 1408 1440 extemparataS,
1464 1372 1816 1440 coriandrum,
1859 1391 1942 1427 ce-

353 1462 472 1514 paS,
513 1444 787 1498 suffundes
827 1445 948 1511 mel,
989 1445 1186 1511 vinum,
1229 1446 1513 1512 liquamen,
1566 1447 1737 1498 oleum
1778 1447 1943 1499 modi-

356 1537 490 1573 cum.
547 1519 851 1586 calefacies,
905 1520 1079 1572 amolo
1134 1519 1358 1586 obligas.
1425 1536 1610 1588 aprum
1673 1521 1727 1572 in
1790 1520 1942 1572 furno

356 1598 565 1648 coctum
612 1593 920 1661 perfundes,
973 1593 1075 1646 hoc
1129 1598 1181 1646 et
1230 1593 1283 1645 in
1338 1610 1493 1647 omne
1546 1610 1716 1660 genus
1770 1595 1944 1647 carnis

353 1667 558 1721 ferinae
596 1667 782 1721 facies

355 1798 531 1844 Theod.
580 1799 723 1843 Prisc.
766 1799 807 1850 2,
853 1800 925 1843 10.
971 1812 1103 1855 para-

353 1859 525 1903 bantur
554 1859 599 1902 in
632 1857 808 1914 apalari
825 1870 860 1902 s.
881 1859 1103 1914 apalaria‚

353 1918 582 1973 ἆπαλαρίᾳ,
629 1917 807 1961 ΑΠ8οΠ.
854 1919 986 1973 epist.
1032 1920 1102 1962 91.

354 1978 490 2020 Laur.
531 1977 648 2032 Lyd.
693 1977 750 2020 de
783 1990 922 2021 mens.
961 1979 999 2028 1,
1033 1978 1101 2020 25.

354 2049 398 2091 p.
432 2036 504 2079 30.
538 2036 610 2080 ed.
642 2034 811 2079 Boeth.

444 2093 536 2138 Ad
568 2094 698 2139 libr.
732 2095 855 2138 VIII.
898 2094 1105 2138 inscribi-

355 2157 432 2197 tur
449 2152 700 2208 τετράπους,
720 2153 845 2209 quod
861 2153 907 2196 in
921 2166 975 2196 ΕΟ
995 2167 1105 2209 qua-

356 2212 612 2267 drupedum
623 2213 886 2260 animalium
908 2225 1028 2268 quac
1046 2213 1106 2255 ci-

348 2271 520 2331 ,borum
553 2285 682 2315 usum
715 2271 942 2327 praebent
969 2284 1106 2326 opso-

355 2331 434 2374 nia
475 2331 790 2387 lautioresque
835 2331 1106 2374 conditurae

356 2389 618 2434 traduntur.

474 2449 536 2492 ad
581 2450 682 2492 330.
756 2445 1109 2504 sfongiatur

357 2507 495 2552 codd.
527 2508 628 2551 326.
665 2532 718 2539 --
752 2507 878 2551 sale
912 2507 1038 2550 cim.
1062 2507 1108 2549 in

357 2580 454 2619 sex,
497 2567 611 2611 sal.
656 2567 785 2610 cim.
830 2567 873 2609 in
926 2566 1106 2610 ceteris.

358 2626 602 2671 ciminatus
634 2626 703 2670 sal
735 2638 807 2680 ap.
837 2624 1016 2668 Pallad.
1038 2626 1107 2676 12,

357 2687 430 2737 22,
462 2686 501 2729 5.
535 2685 636 2731 ἅλας
666 2686 968 2740 τετριμμένους
997 2682 1105 2736 μετὰ

357 2748 540 2797 κυμίνου
571 2743 716 2788 habes
748 2745 794 2786 in
828 2743 1039 2798 Geopon.
1063 2743 1105 2794 9,

357 2804 430 2854 32,
463 2805 503 2847 3.
537 2803 637 2850 ἅλας
669 2806 849 2856 θυμίτας
891 2815 964 2857 ap.
999 2801 1105 2844 Ari-

359 2862 510 2919 stoph.
560 2861 679 2906 Ach.
725 2862 821 2905 772.
867 2859 1106 2904 frictum

1196 1812 1309 1844 corr.
1345 1812 1401 1843 ex
1432 1800 1518 1842 333
1542 1813 1625 1855 pro
1650 1801 1865 1844 tritum.
1891 1826 1943 1830 ·-

1195 1859 1339 1902 verba
1369 1859 1545 1902 inclusa
1577 1864 1683 1903 sunt
1710 1860 1944 1915 marginis.

1196 1918 1476 1972 aprimum
1521 1921 1622 1968 βθκ.
1673 1919 1943 1973 aprinum

1195 1974 1248 2032 γὸ
1280 1976 1349 2020 ed.
1384 1990 1449 2031 pr.
1475 1976 1529 2018 H.
1549 1977 1615 2020 sic
1632 1978 1730 2021 339.
1767 1989 1946 2032 apruna

1197 2040 1245 2079 et
1277 2036 1537 2090 aprina-ad
1574 2039 1848 2091 „aprunum“
1886 2034 1944 2079 cf.

1196 2094 1397 2138 Marcell.
1431 2095 1563 2149 Emp.
1596 2095 1654 2138 34
1692 2109 1735 2149 p.
1771 2096 1867 2138 137.
1902 2107 1945 2138 a.

1195 2153 1312 2196 Plin.
1347 2153 1419 2203 28,
1453 2154 1553 2196 235.
1587 2158 1634 2197 et
1666 2165 1761 2196 var.
1779 2154 1883 2197 lect.
1903 2154 1945 2204 8,

1196 2212 1296 2254 210.
1345 2211 1539 2255 Salmas.
1598 2212 1659 2255 ad
1715 2212 1945 2267 Spartian.

1196 2270 1302 2314 Ael.
1337 2270 1443 2314 Ver,
1489 2271 1527 2313 5.
1563 2275 1611 2314 et
1653 2271 1714 2313 ad
1747 2271 1945 2326 Capitol.

1197 2330 1315 2379 Max.
1350 2330 1447 2372 Iun.
1480 2331 1519 2371 2.
1554 2329 1785 2386 Philolog.
1832 2330 1945 2374 Got-

1200 2390 1313 2444 ting.
1357 2388 1482 2432 VIII.
1524 2402 1568 2443 p.
1612 2388 1713 2432 548.
1761 2414 1811 2418 ——
1854 2389 1946 2431 vel

1199 2461 1285 2503 pro
1318 2447 1423 2491 mel
1457 2448 1502 2491 in
1535 2461 1628 2491 sex.

1288 2506 1349 2549 ad
1380 2507 1480 2549 331.
1537 2518 1691 2562 aqua
1721 2505 1948 2549 marina

1198 2569 1250 2609 ut
1268 2565 1368 2609 340.
1404 2565 1590 2609 videtur
1623 2564 1947 2608 thalassomeli

1197 2624 1313 2668 Plin.
1333 2624 1404 2675 31,
1423 2625 1494 2667 68.
1528 2624 1622 2668 Ser.
1642 2623 1826 2668 Samon.
1845 2623 1946 2667 537.

1198 2684 1299 2727 918.
1318 2683 1517 2727 Marcell.
1537 2683 1668 2738 Emp.
1689 2683 1758 2726 20.
1788 2681 1944 2725 Diosc,

1197 2742 1238 2793 5,
1273 2743 1343 2785 20.
1388 2747 1435 2786 et
1477 2741 1758 2786 conferenda
1790 2741 1947 2784 cister-

1197 2802 1304 2845 nina
1333 2801 1405 2843 44.
1449 2801 1654 2856 vulgaris
1698 2804 1822 2844 certe
1854 2813 1946 2843 non

1198 2864 1294 2904 est..
1318 2860 1427 2903 olim
1460 2860 1674 2903 volebam
1717 2859 1947 2902 murina
