2066 3276
287 235 357 291 48
827 239 913 284 Lib
946 238 1002 283 II.
1066 238 1326 295 Sarcoptes.

286 370 660 438 perducantur,
697 370 958 436 ciminum,
999 371 1156 422 ammi
1181 371 1532 438 ammiscebiS,
1575 389 1729 425 uvam
1753 390 1874 441 pas-

287 461 418 511 sam,
481 460 765 498 caroenum
822 445 910 496 vel
966 461 1200 512 passum,
1261 444 1492 513 desuper
1550 445 1876 500 confractum

287 518 533 586 aspargis
575 522 627 570 et
663 517 718 569 in
756 518 979 570 boletari
1017 517 1230 571 inferes,

397 593 484 644 54.
538 591 880 644 Vulvulae
927 591 1136 644 isiciata
1183 592 1259 644 sic
1299 591 1455 644 fiunt:
1508 591 1663 659 piper
1700 592 1876 644 tritum

279 670 341 718 ‘et
380 665 642 731 ciminum,
695 664 873 732 capita
917 681 1195 733 porrorum
1242 666 1424 719 brevia
1463 664 1567 717 duo
1609 665 1677 717 ad
1717 667 1876 719 molle

285 743 533 807 purgata,
574 743 707 805 ruta,
760 738 1047 806 liquamen,
1103 739 1461 792 admiscentur
1499 739 1698 807 pulpae
1739 741 1875 792 bene

286 869 462 925 scripsi.
503 867 891 924 apodetinum
933 869 959 912 i.
996 881 1036 914 e.

287 941 344 973 ex
385 925 607 983 α’ποὸέρω,
651 927 888 982 depellato
941 926 1036 971 fac-

286 992 397 1031 tum.
443 987 599 1043 qualia
651 986 888 1031 adiectiva
929 991 1036 1030 sunt

285 1047 459 1095 ξύλινος,
507 1046 720 1092 σκότινος,
767 1047 926 1092 λίθινος
971 1045 1031 1090 al.

283 1110 525 1162 praeterea
556 1118 601 1148 m
642 1104 863 1148 librorum
894 1117 1035 1160 saepe

286 1166 339 1208 in
371 1170 443 1209 est
462 1169 514 1208 ut
539 1165 608 1207 60.
629 1162 844 1220 (Salmas.
876 1164 922 1207 in
939 1163 1031 1208 Sol.

286 1236 330 1279 p.
364 1224 434 1267 81.
471 1223 568 1266 118.
612 1235 652 1265 a.
694 1223 761 1266 sic
800 1223 903 1267 cod.
946 1223 1036 1266 sal-

286 1295 400 1327 mas.
465 1282 512 1326 in
567 1282 782 1337 Excerpt.
832 1282 1038 1337 gentima

286 1341 397 1385 mihi
428 1341 595 1385 setinia
626 1343 732 1395 est).
770 1366 824 1372 —
847 1340 1036 1397 depel-

286 1400 422 1444 latis
452 1413 537 1456 pro
562 1400 836 1455 depilatis
863 1414 919 1445 ex
951 1413 1034 1444 sex

286 1459 424 1504 codd.
455 1465 491 1513 ξ.
526 1461 625 1503 229.
653 1459 681 1503 i.
707 1472 748 1515 q.
779 1459 1035 1504 decortica-

286 1519 361 1570 tis,
408 1518 586 1562 Pallad.
637 1519 678 1569 2,
728 1519 797 1569 15,
844 1522 911 1562 12.
956 1518 1036 1562 ubi

289 1577 552 1634 „amigdala
583 1577 873 1621 decorticata
914 1590 1036 1633 aqua

286 1637 464 1680 marina
521 1642 603 1680 aut
649 1636 775 1680 salsa
821 1636 1037 1681 lavantur

287 1701 339 1739 ut
377 1695 579 1739 candida
613 1692 772 1747 fiant“,

286 1755 387 1798 283.
420 1755 482 1798 ad
498 1756 570 1798 52.
591 1767 748 1809 —pro
783 1767 899 1798 cum
930 1757 1036 1799 iam

286 1813 412 1866 iam,
452 1815 604 1857 misc.
652 1813 867 1869 (alterum
924 1815 1034 1858 iam

283 1873 389 1928 γζθκ
435 1873 507 1916 ed.
539 1886 607 1928 pr.
645 1873 882 1928 omittunt)
925 1873 1035 1918 olim

284 1933 413 1976 volui
430 1945 454 1976 c
466 1945 493 1976 o
504 1932 611 1975 min
620 1944 650 1974 u
663 1945 707 1974 m
726 1932 851 1988 quod
862 1933 1035 1988 passim

284 1992 500 2036 scribitur
511 1991 790 2044 „cuminum“
807 1996 855 2035 et
871 1992 1036 2045 „cumi—

283 2051 433 2094 nium“
446 2051 543 2094 scil.
555 2051 723 2101 oleum,
736 2054 783 2093 et
795 2055 846 2093 ut
856 2064 948 2095 vox
956 2050 1037 2094 mi-

284 2122 368 2153 nus
393 2116 507 2153 nota
532 2108 669 2153 facile
696 2110 1035 2165 pessumdatur.

285 2168 348 2212 ad
364 2169 554 2222 „ammi“
572 2166 627 2212 cf.
649 2169 717 2211 29.
736 2169 892 2212 Diosc.
912 2170 1034 2220 3,63.

284 2228 403 2272 Plin.
438 2229 509 2280 20,
530 2228 630 2272 163.
661 2227 896 2271 Dierbach
911 2228 1034 2272 Flor.

284 2286 422 2343 Apic.
471 2292 506 2340 ξ.
542 2288 610 2330 77.
661 2312 716 2319 -
773 2285 1039 2331 confrac·

284 2351 407 2390 tum
472 2350 524 2390 ut
588 2347 688 2390 320.
755 2346 1037 2402 interpretor

283 2417 451 2461 panem
527 2410 776 2456 recoctum,
854 2404 1038 2462 δίπυρον

285 2463 460 2509 Athen.
503 2465 546 2516 3,
593 2464 660 2508 74.
704 2464 766 2512 ad
810 2466 896 2508 278
930 2479 1036 2510 con-

284 2529 420 2567 verto
439 2523 688 2580 gereibsel,
720 2525 922 2577 brocsel,
946 2525 1036 2570 bri-

284 2584 387 2627 Βέθε
417 2595 518 2626 cum
548 2582 709 2637 Gallis,
754 2583 909 2638 κόπτῷ
935 2597 1037 2629 oum

287 2642 490 2687 Graecis.
510 2647 558 2687 et
578 2646 829 2695 „tractum“
863 2644 1037 2699 passim

285 2703 503 2748 scribitur
522 2701 788 2758 „fractum“.
821 2729 874 2734 —-
895 2716 963 2748 vo
976 2703 991 2745 1
1005 2703 1039 2746 i-

285 2763 405 2807 tari
459 2767 507 2806 et
563 2763 844 2809 volutari
901 2762 1037 2808 codd.

285 2823 398 2868 alibi
439 2823 728 2871 voletari.
768 2823 799 2868 b
843 2829 891 2869 et
921 2837 952 2868 v
993 2824 1040 2868 in

285 2887 458 2931 nostris
500 2897 682 2940 semper
721 2885 818 2932 fere
851 2887 1039 2942 permis—

824 1695 1035 1753 purgatis
1080 1695 1084 1698 ’

1128 874 1289 915 centur
1329 874 1380 914 ut
1412 870 1481 913 54.
1520 870 1790 923 „vulvulae“
1827 874 1874 915 et

1130 929 1421 982 „bulbulae“.
1465 926 1520 973 cf.
1566 942 1638 972 me
1677 928 1739 972 ad.
1776 929 1874 972 181.

1128 993 1176 1031 et
1192 988 1253 1031 ad
1273 987 1443 1044 Gargil.
1466 1001 1557 1031 cur.
1575 988 1715 1031 boum
1735 989 1775 1031 3.
1796 988 1877 1032 Ce-

1127 1052 1275 1091 terum
1306 1047 1354 1090 id
1385 1047 1545 1090 sicium
1584 1058 1640 1090 ex
1671 1047 1876 1091 medulla

1127 1119 1292 1149 nucum
1309 1105 1595 1161 iuglandium
1608 1110 1875 1160 putatarum

1126 1165 1332 1220 inprimis
1365 1170 1582 1208 constans
1612 1164 1878 1220 appellatur

1126 1224 1404 1268 terentinum
1424 1225 1520 1266 172.
1542 1223 1645 1268 coll.
1660 1224 1761 1268 372.
1776 1225 1877 1268 339.

1130 1284 1227 1326 133.
1261 1282 1540 1339 amygdalae
1572 1287 1679 1326 sunt
1702 1281 1877 1326 fructus

1126 1342 1266 1385 iidem
1309 1342 1387 1397 qui
1430 1341 1542 1385 alibi
1573 1354 1713 1386 nuces
1745 1354 1876 1397 grae-

1128 1413 1208 1445 cae
1228 1401 1441 1444 dicuntur
1453 1399 1681 1458 (Schneid.
1700 1401 1761 1444 ad
1779 1400 1877 1445 Col.

1128 1461 1169 1511 5,
1206 1461 1275 1511 10,
1310 1459 1382 1512 12)
1426 1467 1473 1504 et
1514 1473 1606 1503 nux
1648 1461 1879 1504 terentina

1128 1524 1223 1563 tam
1243 1519 1382 1563 molle
1424 1523 1644 1574 putamen
1674 1518 1879 1563 habebat

1128 1583 1179 1621 ut
1227 1579 1303 1622 vix
1349 1582 1650 1622 attrectatum
1696 1576 1878 1634 frange-

1128 1646 1255 1681 retur
1287 1637 1505 1692 (Macrob.
1541 1642 1628 1680 sat.
1655 1637 1787 1688 3,18,
1808 1638 1875 1680 13.

1128 1708 1230 1739 cum
1263 1696 1391 1750 Ian.)‚
1425 1695 1545 1739 unde
1576 1694 1712 1750 γυμνὰ
1743 1694 1877 1751 κάρυα

1130 1755 1339 1810 Geopon.
1378 1755 1446 1805 10,
1469 1755 1538 1797 66.
1574 1760 1621 1798 et
1651 1754 1774 1797 mala
1796 1768 1878 1809 pu-

1127 1815 1231 1857 nica
1270 1812 1464 1869 ἆπὺρηνα
1511 1814 1580 1864 10,
1612 1814 1682 1856 31.
1727 1826 1756 1856 a
1796 1813 1877 1856 mi-

1127 1887 1212 1917 nus
1245 1873 1427 1928 lignoso
1460 1872 1638 1916 nucleo.

1217 1932 1279 1975 ad.
1311 1932 1382 1975 54.
1414 1932 1665 1975 isiciata
1697 1931 1736 1975 si
1768 1943 1879 1975 vera

1128 1991 1285 2042 lectio,
1325 1991 1667 2034 substantivum
1705 2003 1877 2034 novum

1128 2056 1200 2095 est
1244 2050 1398 2106 qualia
1439 2050 1521 2093 illa
1559 2050 1621 2093 ad
1652 2050 1723 2093 49.
1757 2048 1878 2092 forte

1084 2148 1091 2153 .
1127 2110 1412 2154 isiciatae
1444 2110 1652 2164 impensa
1674 2108 1791 2152 isicii
1808 2121 1877 2151 re-

1127 2169 1298 2225 pletae,
1324 2168 1450 2224 quod
1466 2168 1761 2224 participium
1777 2179 1878 2211 sae-

1126 2228 1230 2284 pius
1272 2228 1383 2271 mihi
1423 2227 1541 2270 latet
1580 2228 1626 2270 in
1658 2226 1879 2270 librorum

1130 2288 1400 2341 „esicc‘atus,
1434 2287 1788 2330 exiccatus“.——
1822 2298 1879 2328 ex

1128 2346 1200 2391 ed.
1234 2360 1301 2402 pr.
1334 2345 1406 2389 ad
1429 2345 1585 2389 mole
1615 2344 1752 2388 malis
1784 2343 1878 2387 avi-

1127 2407 1213 2450 bus
1235 2418 1264 2449 a
1286 2405 1452 2457 mole,
1485 2404 1611 2460 quod
1636 2408 1760 2448 esset
1787 2402 1876 2455 „ab

1127 2466 1309 2521 integro
1327 2469 1496 2521 porro⁶⁸
1522 2464 1790 2519 expiscatus
1807 2465 1880 2506 est

1126 2525 1260 2568 Hum.
1312 2522 1369 2567 cf.
1418 2523 1594 2573 Colum,
1643 2524 1711 2573 12,
1751 2523 1793 2573 9,
1838 2523 1877 2565 1.

1129 2584 1314 2635 „caules
1346 2583 1557 2627 lactucae
1589 2581 1648 2625 ab
1681 2582 1772 2625 imo
1802 2579 1878 2623 des

1127 2648 1353 2699 purgatos
1375 2647 1581 2693 eatenus,
1606 2653 1697 2697 qua
1718 2646 1879 2684 tenera

1128 2703 1243 2749 folia
1273 2703 1599 2747 videbuntur“.
1632 2699 1877 2743 nucleos

1093 2762 1096 2766 ’
1130 2777 1247 2809 corr.
1273 2762 1408 2806 Hum.
1442 2775 1515 2816 ap.
1535 2760 1650 2804 Plin.
1674 2758 1741 2813 15,
1777 2757 1875 2803 116.

1128 2823 1279 2869 nuclei
1317 2835 1511 2880 granum
1554 2822 1666 2865 item
1708 2825 1780 2864 est
1810 2817 1877 2872 pi-

1129 2883 1364 2935 nienkern,
1419 2884 1466 2927 ni
1510 2882 1681 2939 placet,
1728 2878 1878 2925 scribe
