2066 3276
705 233 807 277 Lib.
822 233 900 277 IV.
950 225 1224 278 Pandectes.
1695 235 1765 287 93

289 365 407 417 175.
463 365 750 417 Minuta]
792 365 993 418 dulce
1035 383 1110 418 611
1151 366 1403 418 citriis:
1466 365 1667 419 adicies
1708 366 1761 418 in

175 441 464 491 caccabum
519 441 709 506 oleum,
762 440 1048 507 liquamen,
1105 445 1321 492 coctura
1360 456 1576 507 porrum
1620 440 1763 509 capi-

171 517 352 578 tatum,
413 512 665 566 concides
725 513 1058 565 coriandrum
1115 514 1426 579 minutatim,
1500 514 1763 581 spatulam

171 586 446 654 porcinam
488 591 693 639 coctam
734 591 786 639 et
822 587 1028 639 isiciola
1066 587 1280 640 minuta.
1336 586 1460 638 dum
1503 587 1758 654 coquitur,

171 665 313 713 teres
353 659 523 730 piper,
566 660 828 725 ciminum,
872 659 1207 713 coriandrum
1239 660 1409 714 viride
1444 662 1530 714 vel
1564 678 1765 728 semen,

171 738 339 786 rutam
388 733 628 800 viridem,
681 733 869 786 lasaris
909 733 1162 800 radicem,
1216 734 1490 787 suffundes
1538 739 1764 802 acetum,

173 806 468 872 defrictum,
522 808 601 859 1115
657 806 724 859 (16
778 823 872 859 5110
926 807 1042 872 sibi,
1097 813 1286 861 acoeto
1342 809 1668 878 temperabis
1715 814 1768 862 61

171 880 378 934 ferveat
449 897 566 933 cum
618 879 887 947 fervuerit,
940 880 1142 934 citrium
1182 886 1467 951 purgatum
1505 883 1640 935 intro
1687 882 1765 936 fo-

170 970 273 1020 raS,
314 954 626 1006 tessellatim
667 955 938 1007 concisum
979 960 1030 1008 61
1071 955 1324 1009 elixatum
1378 956 1433 1008 in
1474 958 1766 1010 caccabum
1830 999 1832 1001 -

170 1028 360 1080 mittes.
402 1032 626 1081 tractam
667 1027 972 1096 confringes
1022 1033 1074 1082 61
1123 1046 1190 1082 ex
1231 1048 1296 1084 ea
1344 1030 1569 1097 obligas
1612 1031 1767 1101 piper

170 1101 416 1172 aspargis
457 1106 509 1155 et
546 1100 759 1156 inferes,

261 1176 406 1229 μ176.
460 1175 756 1229 Minutal
797 1194 877 1230 611
917 1177 1403 1247 praecoquiis:
1465 1177 1669 1232 adicies
1709 1178 1764 1231 in

172 1251 458 1303 caccabum
512 1251 702 1318 oleum,
755 1250 1039 1318 liquamen,
1105 1252 1300 1318 vinum,
1361 1252 1620 1313 ,concides
1681 1270 1766 1307 ce-

170 1340 297 1391 pam
348 1324 676 1377 ascaloniam
727 1325 949 1392 aridam,
1003 1327 1267 1394 spatulam
1319 1327 1595 1395 porcinam
1647 1343 1766 1381 coc-

170 1402 279 1449 tam
317 1399 627 1451 tessellatim
682 1398 950 1453 concides.
1005 1400 1086 1453 his
1129 1401 1371 1453 omnibus
1414 1402 1583 1454 coctis
1626 1406 1768 1455 teres

171 1471 340 1541 piper,
385 1472 646 1540 ciminum,
688 1479 919 1526 mentam
960 1474 1175 1542 siccam,
1217 1479 1448 1542 anetum,
1503 1475 1765 1529 suffundis

172 1546 291 1611 mel,
331 1546 614 1612 liquamen,
657 1564 890 1615 passum,
932 1553 1142 1601 acetum
1175 1548 1406 1615 modice,
1454 1548 1535 1602 ius
1571 1549 1640 1603 de
1668 1567 1763 1603 suo

170 1618 286 1683 sibi,
339 1621 678 1688 temperabis.
734 1622 1060 1691 praecoquia
1108 1623 1387 1676 enucleata
1435 1624 1625 1677 mittes
1686 1624 1763 1677 fa-

171 1693 278 1746 cies
318 1699 374 1746 ut
410 1693 673 1747 inferveat
713 1696 887 1749 donec
921 1702 1332 1764 percoquantur.
1376 1702 1604 1751 tractam
1641 1715 1764 1751 con-

168 1766 369 1835 fringes
412 1773 463 1821 et
502 1785 571 1822 611
612 1786 676 1823 ea
716 1770 938 1837 obligas,
981 1770 1136 1839 piper
1172 1771 1418 1840 aspargis
1454 1777 1507 1825 et
1543 1771 1762 1827 inferes,

1009 1931 1108 1961 cox.
1154 1917 1221 1961 516
1252 1918 1480 1964 aulicocia
1513 1923 1560 1964 et
1592 1919 1766 1964 aulico—

1008 1990 1100 2032 qua
1133 1990 1205 2032 ap.
1240 1978 1402 2032 Fest.).
1457 1979 1565 2023 inde
1600 1979 1767 2024 Graeci

168 1926 391 1958 manzana
424 1920 471 1958 et
502 1928 675 1960 mazaa.
700 1942 752 1946 --
782 1930 916 1961 acoe-

170 1979 218 2017 to
252 1974 320 2016 69.

257 2033 317 2075 ad
353 2033 449 2076 175.
514 2033 686 2078 dulce
730 2039 915 2090 gratum

169 2096 215 2135 et
262 2091 422 2147 palato
465 2099 722 2148 acceptum,
772 2107 914 2138 suave

169 2156 322 2207 gustu.
346 2177 395 2180 -
419 2151 615 2196 citriis
645 2153 819 2196 citrinis
840 2166 913 2197 cu-

169 2210 425 2253 cumeribus
481 2211 547 2254 75.
611 2237 659 2241 -
719 2212 915 2256 viride

168 2269 275 2312 add.
310 2282 366 2314 611
402 2270 496 2313 173.
535 2270 631 2314 174.

258 2328 318 2371 ad
352 2329 448 2371 176.
483 2331 914 2386 praecoquesin

168 2399 248 2430 sex
291 2387 426 2431 codd.
475 2390 765 2445 praecoquiis
817 2389 913 2432 184.

169 2446 383 2489 dicuntur
425 2459 480 2490 ea
526 2448 650 2491 mala
697 2448 771 2492 vel
815 2450 915 2503 pira

167 2517 431 2560 praecoqua
477 2506 673 2550 Martiali
723 2508 791 2558 13,
839 2507 911 2551 46.

167 2566 425 2619 praecocia,
482 2578 710 2620 praecoca
760 2565 913 2610 Edict.

167 2623 316 2667 Diocl.
361 2624 401 2674 6,
444 2624 512 2667 58.
559 2638 586 2667 a
627 2626 913 2670 nominativo

168 2695 384 2737 praecox,
410 2686 685 2740 praecoquis
715 2690 762 2728 61
784 2698 915 2739 prae--

169 2754 345 2797 coquus
394 2742 533 2796 (Hild.
583 2744 644 2787 ad
690 2742 832 2799 Apul.
870 2744 916 2788 11

167 2814 210 2856 p.
247 2802 343 2844 606.
381 2802 480 2845 607.
514 2803 595 2846 Ian
624 2803 685 2846 ad
712 2804 912 2848 Macrob.

167 2864 252 2905 sat.
279 2862 320 2912 3,
346 2861 413 2914 19,
449 2863 473 2904 2
506 2862 701 2909 Forcell,
723 2864 766 2906 in
784 2876 913 2921 prae-

1007 2035 1217 2080 fecerunt
1260 2037 1485 2091 πραικόκια
1530 2038 1685 2082 Diosc.
1725 2040 1767 2090 1,

1009 2096 1106 2138 165.
1145 2095 1306 2140 Galen.
1345 2095 1432 2139 fac.
1470 2097 1595 2140 alim.
1624 2099 1664 2148 2,
1695 2099 1766 2141 26.

1007 2154 1059 2197 Τ.
1076 2155 1114 2198 6.
1141 2168 1183 2210 p.
1202 2155 1304 2200 785.
1331 2156 1558 2212 βρεκόκκια
1577 2161 1623 2201 et
1649 2161 1764 2213 βερί-

1006 2231 1134 2254 κοκκα
1151 2214 1360 2259 medicus
1379 2228 1452 2270 ap.
1473 2216 1625 2260 Ideler
1641 2217 1699 2259 ΙΙ.
1719 2230 1768 2272 p.

1006 2273 1106 2325 262,
1129 2275 1199 2317 29.
1223 2275 1324 2324 267,
1349 2274 1389 2317 5.
1427 2273 1483 2320 cf.
1509 2275 1765 2330 Geoponic.

1008 2333 1077 2381 10,
1114 2333 1183 2377 73.
1212 2334 1251 2375 2.
1300 2333 1407 2377 Itali
1438 2334 1681 2378 arbicocco
1719 2340 1767 2379 et

1004 2391 1231 2446 precoche
1265 2392 1418 2446 (vilior
1447 2394 1624 2448 species
1658 2394 1767 2437 mali

1006 2451 1204 2505 persici),
1238 2451 1436 2494 Romani
1463 2466 1563 2496 cum
1597 2454 1766 2497 articu-

1006 2510 1052 2552 lo
1086 2510 1274 2554 arabico
1315 2511 1604 2563 albercocco,
1638 2512 1766 2556 alba-

1005 2569 1205 2625 ricoque,
1230 2570 1499 2626 albricoque
1536 2571 1657 2616 Galli
1689 2571 1766 2616 de⁶

1005 2628 1142 2683 nique
1175 2628 1368 2673 abricot.
1420 2629 1477 2675 cf.
1515 2630 1628 2675 Diez
1675 2631 1762 2675 lex.

1013 2687 1055 2729 d.
1091 2701 1204 2731 rom.
1239 2702 1328 2744 spr.
1362 2701 1406 2744 p.
1429 2691 1471 2733 9.
1507 2689 1764 2735 Schwenck

1010 2746 1272 2792 Woerterb.
1324 2748 1366 2791 d.
1417 2749 1623 2793 deutsch.
1669 2763 1762 2805 spr.

1007 2818 1051 2860 p.
1087 2807 1157 2848 22.
1203 2813 1503 2863 opponuntur
1535 2809 1649 2853 seris
1682 2823 1764 2854 seu

1005 2866 1240 2915 serotinis.
1265 2892 1318 2898 —-
1351 2867 1555 2913 mittes
1587 2869 1632 2912 in
1657 2883 1763 2915 eun-
