2066 3276
299 238 402 295 166

817 241 917 288 Lib.
935 242 1056 288 VIII.
1106 242 1348 301 Tetrapus.

405 382 529 435 364.
595 378 824 432 Aedus
864 375 1016 431 sive
1056 396 1274 446 agnus
1326 378 1770 447 siringianus
1810 380 1877 435 id

293 461 397 509 est
434 449 979 508 mammocoetis:
1023 459 1301 508 exossatur
1334 454 1632 522 diligenter,
1675 473 1707 508 a
1734 456 1877 523 gula,

292 529 368 583 sic
410 534 465 581 ut
502 533 619 581 uter
656 527 749 579 fiat
789 531 840 579 et
877 523 1127 580 intestina
1168 529 1216 581 ei
1241 529 1453 596 integra
1493 529 1877 595 exinaniantur,

290 603 365 655 ita
403 608 459 655 ut
496 603 552 655 in
593 606 752 671 caput
788 601 843 652 in
881 597 1131 655 intestina
1171 603 1410 656 suffletur
1450 607 1502 656 et
1540 620 1637 672 per
1660 603 1878 655 novissi-

290 694 432 729 mam
472 681 677 747 partem
716 680 918 728 stercus
955 676 1325 729 exinanibitur.
1368 693 1507 742 aqua
1534 677 1775 729 lavantur
1804 676 1879 728 di-

290 750 534 818 ligenter.
589 755 642 804 et
681 749 757 803 sic
795 746 1064 818 inplentur
1102 749 1340 803 admixto
1392 750 1679 816 liquamine
1721 755 1772 804 et
1813 751 1879 803 ob

289 841 500 878 umores
542 823 810 878 consuitur
850 829 903 877 et
940 823 1156 876 mittitur
1194 824 1249 877 in
1291 825 1569 878 clibanum.
1613 841 1730 877 cum
1763 841 1878 878 coc-

288 903 372 951 tus
410 898 584 966 fuerit,
626 897 961 966 perfunditur
998 897 1078 951 ius
1117 899 1372 952 bulliens:
1423 899 1561 951 lacte
1600 898 1754 968 piper
1793 900 1874 950 tri-

288 977 415 1039 tum,
467 972 751 1040 liquamen,
795 988 1097 1039 caroenum,
1149 972 1427 1026 defrictum
1466 971 1750 1039 modicum,
1804 972 1880 1026 sic

289 1118 448 1160 geng
469 1109 511 1158 β.
545 1105 694 1162 ginz.
716 1103 787 1148 ed.
806 1117 872 1159 pr.
893 1104 1041 1161 zing.

292 1165 347 1208 H.
384 1165 443 1208 ad
478 1165 550 1208 29.
584 1189 639 1196 —
671 1162 904 1207 modice
935 1168 1012 1214 βπ.

383 1223 445 1267 ad
476 1223 578 1268 364.
640 1222 1045 1278 syringladus

292 1283 369 1326 id.
404 1285 453 1327 θ’.
479 1282 945 1333 mamotestis(——
968 1294 1046 1325 ce-

293 1341 408 1386 stis
440 1342 481 1395 y)
526 1341 660 1386 codd.
713 1340 795 1384 sed
827 1340 927 1384 365.
967 1341 1046 1384 si-

291 1401 628 1457 ringiatus.
694 1399 861 1443 delirat
910 1400 1043 1443 Hum.

293 1460 369 1513 qui
422 1459 553 1516 „lege
600 1459 970 1516 syringatus,
1018 1471 1046 1502 a

291 1517 449 1563 fistula
482 1531 599 1575 quae
633 1517 773 1573 σύριγξ
791 1530 959 1573 graece
978 1518 1045 1561 di-

294 1579 425 1629 citur,
471 1590 590 1633 quae
632 1590 743 1621 vero
791 1581 1045 1632 sequuntur

291 1637 438 1682 verba
479 1636 831 1692 interpretativa
873 1649 1044 1691 expun-

291 1696 446 1752 genda
465 1697 744 1740 censemus“.
779 1695 857 1738 isti
884 1695 1042 1750 itaque

296 1759 369 1799 est
411 1756 457 1799 in
500 1755 687 1800 modum
729 1754 929 1811 syringis
964 1767 1046 1798 seu

294 1810 480 1859 fistulae
526 1818 792 1864 excavatus,
825 1813 949 1857 intus
980 1813 1045 1856 in-

293 1874 393 1917 anis
436 1871 602 1923 factus,
658 1877 711 1916 ut
756 1871 933 1916 haedus
980 1872 1046 1916 sic

294 1932 478 1976 dicatur
510 1932 637 1976 cuius
670 1931 890 1974 intestina
922 1931 1044 1974 omni

293 1992 462 2036 emissa
493 1990 624 2035 faece
657 1994 704 2034 et
735 2002 884 2033 vacua
917 1988 1044 2033 facta

292 2050 398 2101 sint,
445 2054 498 2094 ut
541 2049 846 2094 condimentis
890 2047 1045 2092 farciri

293 2109 488 2164 possint,
532 2109 697 2164 quibus
735 2111 905 2163 postea
939 2122 1045 2152 con·

294 2167 413 2212 sutis
445 2168 626 2223 integer
659 2171 897 2222 coquatur.
942 2180 1044 2221 par-

293 2232 385 2270 tem
461 2227 556 2270 veri
617 2226 736 2270 vidit
815 2223 1043 2270 Dufresne

295 2285 447 2330 Gloss.
491 2285 536 2328 in
580 2284 921 2328 mammocestis
963 2285 1042 2328 IV.

291 2358 337 2399 p.
384 2344 484 2388 214.
531 2343 898 2395 „mammocestis
942 2357 1043 2398 per-

293 2415 465 2457 peram,
498 2403 545 2446 ni
570 2401 721 2453 fallor,
753 2415 838 2457 pro
869 2402 1044 2455 μαμμὸ-

294 2464 480 2515 θρεπτος
513 2462 591 2516 qui
607 2460 765 2504 adhuc
784 2460 858 2503 lac
874 2461 1042 2516 sugit“.

292 2524 343 2562 at
373 2532 483 2563 vero
517 2533 608 2564 non
641 2524 714 2563 est
739 2520 778 2562 is
798 2519 1043 2570 ὑπομάζιος,

295 2578 559 2625 ὑποτίτθιος,
592 2578 675 2622 sed
709 2591 844 2633 quem
874 2578 1044 2633 vulgus

292 2636 453 2680 matris
484 2631 631 2685 filium
662 2636 887 2691 appellat,
930 2637 1044 2681 ado-

294 2695 472 2739 lescens
502 2695 766 2739 ‚delicatius
804 2695 1044 2747 educatus,

292 2754 586 2798 effeminatus
603 2766 659 2798 ac
675 2754 840 2798 mollis.
875 2765 1045 2810 agnum

293 2812 505 2868 intellegi
548 2813 627 2868 qui
657 2812 810 2857 adhuc
841 2825 869 2855 a
900 2814 1046 2869 syrim

292 2871 429 2930 gibus
463 2877 548 2931 est,
592 2884 762 2917 cannas
805 2883 1044 2923 mammae,

1134 1105 1208 1148 lac
1239 1105 1379 1161 sugit,
1419 1104 1542 1150 lacte
1573 1117 1699 1148 mero
1733 1104 1881 1159 pasci-

1134 1169 1209 1207 tur
1239 1163 1433 1207 Martial.
1471 1165 1540 1214 13,
1572 1163 1642 1206 41.
1694 1163 1881 1207 dubium

1136 1236 1231 1267 non
1266 1226 1350 1276 est,
1395 1222 1479 1266 sed
1504 1222 1671 1267 dubius
1710 1221 1880 1266 haereo

1135 1286 1287 1325 utrum
1329 1282 1526 1326 scribam
1578 1281 1881 1338 syringia-

1137 1354 1250 1392 cus,
1286 1353 1342 1383 an
1375 1341 1790 1398 syringnatus,
1824 1340 1882 1384 de

1137 1412 1228 1455 qua
1269 1398 1417 1444 forma
1454 1413 1600 1455 nuper
1637 1401 1816 1443 monuit
1846 1399 1880 1442 I.

1135 1458 1316 1503 Becker
1357 1459 1403 1501 in
1445 1458 1570 1502 Iahn.
1604 1458 1754 1503 Iahrb.
1788 1458 1879 1502 vol.

1137 1519 1205 1561 73.
1230 1532 1275 1573 p.
1294 1518 1395 1561 313.
1428 1519 1467 1562 si
1498 1518 1882 1575 syringianus

1133 1589 1244 1620 vera
1262 1582 1347 1627 est,
1372 1577 1503 1631 quasi
1521 1581 1591 1621 est
1608 1589 1883 1620 mammaea-

1132 1649 1216 1680 nus
1230 1640 1278 1679 et
1293 1637 1453 1680 similis
1470 1637 1537 1680 illi
1549 1635 1883 1691 phaecasianus

1135 1708 1209 1750 ap.
1254 1696 1408 1738 Iuven.
1453 1697 1494 1747 3,
1529 1697 1626 1738 218.
1668 1695 1883 1750 idemque

1135 1749 1399 1809 significans
1444 1755 1569 1810 quod
1611 1767 1882 1798 mammoce-

1135 1814 1195 1857 tis
1240 1818 1535 1866 μαμμοκοίτης
1581 1827 1662 1857 seu
1709 1811 1881 1865 μαμμό-

1136 1888 1288 1921 κοιτος,
1322 1877 1505 1919 κοιταῖος
1533 1871 1782 1925 ἓπὶμαίμμη,
1822 1871 1882 1914 ad

1138 1943 1274 1986 quam
1306 1931 1531 1975 rationem
1565 1936 1670 1975 sunt
1716 1931 1885 1982 ἀκοίτης

1134 1994 1181 2034 et
1212 1990 1380 2039 ἄκοιτις,
1410 1995 1698 2044 χαμαικοίτης,
1737 2005 1881 2040 παρα-

1135 2053 1286 2100 κοίτης,
1329 2053 1608 2102 μητροκοίτης
1649 2062 1722 2103 ap.
1770 2049 1883 2103 Hip-

1134 2112 1319 2162 ponact.
1344 2108 1389 2151 in
1407 2107 1654 2164 Philologo
1671 2107 1879 2163 Gotting.

1136 2166 1236 2210 VII.
1270 2180 1314 2222 p.
1350 2167 1449 2210 555.
1483 2166 1776 2221 ἆρρενοκοίτης
1808 2180 1880 2221 ap.

1138 2226 1306 2270 Euseb.
1351 2225 1651 2278 ἓμβασικοίτης
1693 2239 1766 2281 ap.
1800 2225 1883 2269 ΡΘ·-

1135 2291 1254 2329 tron.
1302 2285 1373 2335 24,
1424 2286 1461 2327 1.
1519 2285 1760 2329 onocoetis
1807 2297 1880 2338 ap.

1135 2343 1404 2387 Tertullian.
1461 2344 1647 2399 apolog.
1692 2344 1758 2387 16.
1805 2339 1881 2385 fin.

1136 2403 1240 2446 coll.
1276 2402 1338 2446 ad
1363 2402 1468 2446 Nat.
1496 2404 1534 2452 1,
1562 2403 1626 2445 14.
1663 2401 1882 2450 ἐξώκοιτος

1136 2466 1390 2505 exocoetus
1420 2473 1492 2516 ap.
1516 2462 1631 2505 Plin.
1651 2463 1692 2512 9,
1712 2461 1780 2504 70.
1805 2460 1883 2516 qui

1134 2520 1275 2575 piscis
1317 2519 1363 2563 in
1405 2524 1529 2563 terra
1571 2520 1722 2565 cubat.
1759 2545 1812 2551 —
1856 2531 1884 2561 a

1134 2579 1271 2634 gula
1310 2579 1515 2634 aperitur
1557 2584 1604 2623 et
1646 2582 1884 2623 exentera-

1137 2642 1212 2680 tur
1243 2637 1344 2682 384.
1379 2650 1407 2680 a
1443 2638 1620 2681 cervice
1640 2638 1883 2692 expeditur

1137 2696 1238 2740 254.
1272 2708 1301 2738 a
1331 2696 1489 2752 gilla
1521 2696 1655 2740 codd.
1675 2696 1759 2740 sed
1779 2694 1881 2739 384.

1136 2767 1219 2808 per
1248 2755 1419 2811 gulam.
1451 2754 1564 2799 alibi
1605 2755 1745 2799 etiam
1775 2753 1883 2799 scri-

1138 2813 1263 2857 bitur
1293 2813 1418 2869 gyla.
1455 2839 1507 2843 —
1542 2813 1635 2861 sic
1666 2819 1726 2857 ut
1757 2817 1883 2856 uter

1137 2871 1257 2916 fiat
1289 2885 1345 2917 ex
1377 2872 1449 2916 ed.
1470 2885 1536 2928 pr.
1563 2876 1610 2917 et
1640 2872 1695 2915 H.
1729 2872 1883 2916 sicut
