<?xml version="1.0" encoding="UTF-8"?>
<!DOCTYPE html PUBLIC "-//W3C//DTD XHTML 1.0 Transitional//EN"
    "http://www.w3.org/TR/xhtml1/DTD/xhtml1-transitional.dtd">
<html xmlns="http://www.w3.org/1999/xhtml" xml:lang="en" lang="en">
 <head>
  <title>
</title>
<meta http-equiv="Content-Type" content="text/html;charset=utf-8" />
  <meta name='ocr-system' content='tesseract 3.04.00' />
  <meta name='ocr-capabilities' content='ocr_page ocr_carea ocr_par ocr_line ocrx_word'/>
</head>
<body>
  <div class='ocr_page' id='page_1' title='image "./derecoquinarilib00apicrich_0089.png"; bbox 0 0 2066 3276; ppageno 0'>
   <div class='ocr_carea' id='block_1_1' title="bbox 643 249 1741 305">
    <p class='ocr_par' dir='ltr' id='par_1_1' title="bbox 643 249 1741 305">
     <span class='ocr_line' id='line_1_1' title="bbox 643 249 1741 305; baseline 0.01 -10"><span class='ocrx_word' id='word_1_1' title='bbox 643 249 741 295; x_wconf 88' lang='lat' dir='ltr'><strong>Lib.</strong></span> <span class='ocrx_word' id='word_1_2' title='bbox 775 249 854 296; x_wconf 84' lang='lat' dir='ltr'>IV.</span> <span class='ocrx_word' id='word_1_3' title='bbox 917 249 1186 296; x_wconf 85' lang='lat' dir='ltr'>Pandectes.</span> <span class='ocrx_word' id='word_1_4' title='bbox 1670 250 1741 305; x_wconf 76' lang='lat'>85</span> 
     </span>
    </p>
   </div>
   <div class='ocr_carea' id='block_1_2' title="bbox 143 381 1744 1553">
    <p class='ocr_par' dir='ltr' id='par_1_2' title="bbox 145 381 1744 664">
     <span class='ocr_line' id='line_1_2' title="bbox 147 381 1744 457; baseline -0.001 -18"><span class='ocrx_word' id='word_1_5' title='bbox 147 391 254 440; x_wconf 89' lang='lat' dir='ltr'>tam</span> <span class='ocrx_word' id='word_1_6' title='bbox 288 384 478 452; x_wconf 77' lang='lat' dir='ltr'>mitteS,</span> <span class='ocrx_word' id='word_1_7' title='bbox 535 385 657 439; x_wconf 77' lang='lat' dir='ltr'>exin</span> <span class='ocrx_word' id='word_1_8' title='bbox 699 383 1046 457; x_wconf 79' lang='lat' dir='ltr'>[condituram</span> <span class='ocrx_word' id='word_1_9' title='bbox 1088 383 1156 439; x_wconf 88' lang='lat' dir='ltr'>de</span> <span class='ocrx_word' id='word_1_10' title='bbox 1194 381 1439 457; x_wconf 88' lang='lat' dir='ltr'>hostreis]</span> <span class='ocrx_word' id='word_1_11' title='bbox 1479 382 1647 438; x_wconf 88' lang='lat' dir='ltr'>facies</span> <span class='ocrx_word' id='word_1_12' title='bbox 1687 390 1744 438; x_wconf 93' lang='lat' dir='ltr'>ut</span> 
     </span>
     <span class='ocr_line' id='line_1_3' title="bbox 146 457 1741 527; baseline -0.001 -13"><span class='ocrx_word' id='word_1_13' title='bbox 146 462 367 515; x_wconf 80' lang='lat' dir='ltr'><strong>ferveat.</strong></span> <span class='ocrx_word' id='word_1_14' title='bbox 427 477 545 513; x_wconf 92' lang='lat' dir='ltr'>cum</span> <span class='ocrx_word' id='word_1_15' title='bbox 599 459 866 527; x_wconf 75' lang='lat' dir='ltr'>fel-vuerit,</span> <span class='ocrx_word' id='word_1_16' title='bbox 919 460 1138 527; x_wconf 80' lang='lat' dir='ltr'>franges</span> <span class='ocrx_word' id='word_1_17' title='bbox 1193 476 1295 512; x_wconf 89' lang='lat' dir='ltr'>ova</span> <span class='ocrx_word' id='word_1_18' title='bbox 1342 459 1437 512; x_wconf 90' lang='lat' dir='ltr'>XI.</span> <span class='ocrx_word' id='word_1_19' title='bbox 1492 457 1741 513; x_wconf 76' lang='lat' dir='ltr'><strong>infundes</strong></span> 
     </span>
     <span class='ocr_line' id='line_1_4' title="bbox 146 533 1743 604; baseline -0.001 -16"><span class='ocrx_word' id='word_1_20' title='bbox 146 552 309 604; x_wconf 90' lang='lat' dir='ltr'>supra</span> <span class='ocrx_word' id='word_1_21' title='bbox 366 535 596 589; x_wconf 81' lang='lat' dir='ltr'>hostrea.</span> <span class='ocrx_word' id='word_1_22' title='bbox 660 550 775 588; x_wconf 86' lang='lat' dir='ltr'>curn</span> <span class='ocrx_word' id='word_1_23' title='bbox 835 534 1122 601; x_wconf 76' lang='lat' dir='ltr'>strinxerit,</span> <span class='ocrx_word' id='word_1_24' title='bbox 1181 533 1337 604; x_wconf 90' lang='lat' dir='ltr'>piper</span> <span class='ocrx_word' id='word_1_25' title='bbox 1388 533 1637 602; x_wconf 81' lang='lat' dir='ltr'>aspargis</span> <span class='ocrx_word' id='word_1_26' title='bbox 1691 538 1743 588; x_wconf 93' lang='lat' dir='ltr'>et</span> 
     </span>
     <span class='ocr_line' id='line_1_5' title="bbox 145 610 357 664; baseline -0.009 -1"><span class='ocrx_word' id='word_1_27' title='bbox 145 610 357 664; x_wconf 75' lang='lat' dir='ltr'>inferes,</span> 
     </span>
    </p>

    <p class='ocr_par' dir='ltr' id='par_1_3' title="bbox 144 682 1741 900">
     <span class='ocr_line' id='line_1_6' title="bbox 299 682 1740 750; baseline -0.001 -14"><span class='ocrx_word' id='word_1_28' title='bbox 299 683 417 736; x_wconf 89' lang='grc'><strong>152.</strong></span> <span class='ocrx_word' id='word_1_29' title='bbox 479 683 726 736; x_wconf 90' lang='lat' dir='ltr'>Patina</span> <span class='ocrx_word' id='word_1_30' title='bbox 774 682 854 736; x_wconf 90' lang='lat' dir='ltr'>de</span> <span class='ocrx_word' id='word_1_31' title='bbox 894 682 1094 750; x_wconf 91' lang='lat' dir='ltr'>pisce</span> <span class='ocrx_word' id='word_1_32' title='bbox 1133 682 1327 750; x_wconf 89' lang='lat' dir='ltr'>lupo:</span> <span class='ocrx_word' id='word_1_33' title='bbox 1388 684 1529 734; x_wconf 90' lang='lat' dir='ltr'>teres</span> <span class='ocrx_word' id='word_1_34' title='bbox 1569 682 1740 750; x_wconf 87' lang='lat' dir='ltr'>piper,</span> 
     </span>
     <span class='ocr_line' id='line_1_7' title="bbox 147 756 1741 828; baseline -0.001 -17"><span class='ocrx_word' id='word_1_35' title='bbox 147 757 408 825; x_wconf 88' lang='lat' dir='ltr'>ciminum,</span> <span class='ocrx_word' id='word_1_36' title='bbox 463 756 847 826; x_wconf 81' lang='lat' dir='ltr'>petresilinum,</span> <span class='ocrx_word' id='word_1_37' title='bbox 900 761 1087 824; x_wconf 89' lang='lat' dir='ltr'>rutam,</span> <span class='ocrx_word' id='word_1_38' title='bbox 1145 773 1350 828; x_wconf 80' lang='lat' dir='ltr'>cepam,</span> <span class='ocrx_word' id='word_1_39' title='bbox 1404 761 1524 822; x_wconf 87' lang='lat' dir='ltr'>mel,</span> <span class='ocrx_word' id='word_1_40' title='bbox 1574 756 1741 825; x_wconf 87' lang='lat' dir='ltr'>liqua-</span> 
     </span>
     <span class='ocr_line' id='line_1_8' title="bbox 144 831 934 900; baseline -0.003 -15"><span class='ocrx_word' id='word_1_41' title='bbox 144 849 281 899; x_wconf 88' lang='lat' dir='ltr'>men,</span> <span class='ocrx_word' id='word_1_42' title='bbox 323 848 555 900; x_wconf 88' lang='lat' dir='ltr'>passum,</span> <span class='ocrx_word' id='word_1_43' title='bbox 599 831 703 885; x_wconf 89' lang='lat' dir='ltr'>olei</span> <span class='ocrx_word' id='word_1_44' title='bbox 742 836 934 899; x_wconf 83' lang='lat' dir='ltr'>guttas.</span> 
     </span>
    </p>

    <p class='ocr_par' dir='ltr' id='par_1_4' title="bbox 143 903 1743 1553">
     <span class='ocr_line' id='line_1_9' title="bbox 261 903 1741 975; baseline 0 -17"><span class='ocrx_word' id='word_1_45' title='bbox 261 907 381 959; x_wconf 81' lang='grc'><strong>153.</strong></span> <span class='ocrx_word' id='word_1_46' title='bbox 441 906 686 959; x_wconf 89' lang='lat' dir='ltr'>Pisces</span> <span class='ocrx_word' id='word_1_47' title='bbox 728 904 1144 973; x_wconf 78' lang='lat' dir='ltr'>scorpiones</span> <span class='ocrx_word' id='word_1_48' title='bbox 1193 903 1595 975; x_wconf 89' lang='lat' dir='ltr'>rapulatos:</span> <span class='ocrx_word' id='word_1_49' title='bbox 1658 922 1741 958; x_wconf 85' lang='lat' dir='ltr'>co-</span> 
     </span>
     <span class='ocr_line' id='line_1_10' title="bbox 145 976 1741 1047; baseline 0 -15"><span class='ocrx_word' id='word_1_50' title='bbox 145 980 260 1047; x_wconf 88' lang='lat' dir='ltr'>quis</span> <span class='ocrx_word' id='word_1_51' title='bbox 300 979 355 1032; x_wconf 89' lang='lat' dir='ltr'>in</span> <span class='ocrx_word' id='word_1_52' title='bbox 393 978 683 1047; x_wconf 88' lang='lat' dir='ltr'>liquamine</span> <span class='ocrx_word' id='word_1_53' title='bbox 725 983 777 1033; x_wconf 86' lang='lat' dir='ltr'>et</span> <span class='ocrx_word' id='word_1_54' title='bbox 818 979 935 1033; x_wconf 87' lang='lat' dir='ltr'>olco</span> <span class='ocrx_word' id='word_1_55' title='bbox 979 984 1031 1033; x_wconf 91' lang='lat' dir='ltr'>et</span> <span class='ocrx_word' id='word_1_56' title='bbox 1072 995 1188 1032; x_wconf 90' lang='lat' dir='ltr'>cum</span> <span class='ocrx_word' id='word_1_57' title='bbox 1227 977 1282 1030; x_wconf 90' lang='lat' dir='ltr'>in</span> <span class='ocrx_word' id='word_1_58' title='bbox 1315 976 1544 1031; x_wconf 89' lang='lat' dir='ltr'>mediam</span> <span class='ocrx_word' id='word_1_59' title='bbox 1582 994 1741 1032; x_wconf 88' lang='lat' dir='ltr'>venc-</span> 
     </span>
     <span class='ocr_line' id='line_1_11' title="bbox 143 1051 1741 1124; baseline -0.001 -18"><span class='ocrx_word' id='word_1_60' title='bbox 143 1054 247 1107; x_wconf 91' lang='lat' dir='ltr'>rint</span> <span class='ocrx_word' id='word_1_61' title='bbox 276 1059 561 1121; x_wconf 91' lang='lat' dir='ltr'>cocturam,</span> <span class='ocrx_word' id='word_1_62' title='bbox 602 1054 774 1108; x_wconf 79' lang='lat' dir='ltr'>tolles</span> <span class='ocrx_word' id='word_1_63' title='bbox 855 1070 1017 1124; x_wconf 87' lang='lat' dir='ltr'>rapas</span> <span class='ocrx_word' id='word_1_64' title='bbox 1054 1053 1240 1119; x_wconf 79' lang='lat' dir='ltr'>elian,</span> <span class='ocrx_word' id='word_1_65' title='bbox 1282 1051 1530 1106; x_wconf 90' lang='lat' dir='ltr'>madidas</span> <span class='ocrx_word' id='word_1_66' title='bbox 1566 1057 1618 1106; x_wconf 90' lang='lat' dir='ltr'>et</span> <span class='ocrx_word' id='word_1_67' title='bbox 1648 1052 1741 1104; x_wconf 91' lang='lat' dir='ltr'>mi-</span> 
     </span>
     <span class='ocr_line' id='line_1_12' title="bbox 144 1127 1742 1198; baseline -0.001 -18"><span class='ocrx_word' id='word_1_68' title='bbox 144 1128 416 1182; x_wconf 87' lang='lat' dir='ltr'>nutissime</span> <span class='ocrx_word' id='word_1_69' title='bbox 457 1129 700 1182; x_wconf 87' lang='lat' dir='ltr'>concisas</span> <span class='ocrx_word' id='word_1_70' title='bbox 742 1127 985 1182; x_wconf 90' lang='lat' dir='ltr'>manibus</span> <span class='ocrx_word' id='word_1_71' title='bbox 1022 1127 1379 1198; x_wconf 77' lang='lat' dir='ltr'>depressabiS,</span> <span class='ocrx_word' id='word_1_72' title='bbox 1421 1131 1477 1179; x_wconf 90' lang='lat' dir='ltr'>ut</span> <span class='ocrx_word' id='word_1_73' title='bbox 1504 1142 1742 1180; x_wconf 90' lang='lat' dir='ltr'>umorem</span> 
     </span>
     <span class='ocr_line' id='line_1_13' title="bbox 143 1201 1743 1273; baseline -0.001 -18"><span class='ocrx_word' id='word_1_74' title='bbox 143 1219 250 1255; x_wconf 90' lang='lat' dir='ltr'>non</span> <span class='ocrx_word' id='word_1_75' title='bbox 290 1202 540 1269; x_wconf 86' lang='lat' dir='ltr'>habeant,</span> <span class='ocrx_word' id='word_1_76' title='bbox 597 1208 649 1257; x_wconf 92' lang='lat' dir='ltr'>et</span> <span class='ocrx_word' id='word_1_77' title='bbox 700 1219 818 1256; x_wconf 91' lang='lat' dir='ltr'>cum</span> <span class='ocrx_word' id='word_1_78' title='bbox 857 1202 1006 1273; x_wconf 88' lang='lat' dir='ltr'>pisce</span> <span class='ocrx_word' id='word_1_79' title='bbox 1049 1202 1257 1270; x_wconf 82' lang='lat' dir='ltr'>obligas</span> <span class='ocrx_word' id='word_1_80' title='bbox 1308 1206 1359 1254; x_wconf 92' lang='lat' dir='ltr'>et</span> <span class='ocrx_word' id='word_1_81' title='bbox 1399 1201 1585 1254; x_wconf 87' lang='lat' dir='ltr'>bulliat</span> <span class='ocrx_word' id='word_1_82' title='bbox 1624 1217 1743 1254; x_wconf 90' lang='lat' dir='ltr'>cum</span> 
     </span>
     <span class='ocr_line' id='line_1_14' title="bbox 145 1274 1743 1344; baseline -0.001 -15"><span class='ocrx_word' id='word_1_83' title='bbox 145 1278 262 1330; x_wconf 92' lang='lat' dir='ltr'>oleo</span> <span class='ocrx_word' id='word_1_84' title='bbox 304 1277 535 1330; x_wconf 87' lang='lat' dir='ltr'>abunde.</span> <span class='ocrx_word' id='word_1_85' title='bbox 580 1282 631 1331; x_wconf 91' lang='lat' dir='ltr'>et</span> <span class='ocrx_word' id='word_1_86' title='bbox 672 1294 790 1331; x_wconf 92' lang='lat' dir='ltr'>cum</span> <span class='ocrx_word' id='word_1_87' title='bbox 830 1276 1076 1344; x_wconf 86' lang='lat' dir='ltr'>bullierit,</span> <span class='ocrx_word' id='word_1_88' title='bbox 1118 1281 1260 1329; x_wconf 92' lang='lat' dir='ltr'>teres</span> <span class='ocrx_word' id='word_1_89' title='bbox 1302 1275 1565 1342; x_wconf 86' lang='lat' dir='ltr'>cirninum,</span> <span class='ocrx_word' id='word_1_90' title='bbox 1606 1274 1743 1328; x_wconf 89' lang='lat' dir='ltr'>lauri</span> 
     </span>
     <span class='ocr_line' id='line_1_15' title="bbox 144 1350 1740 1422; baseline -0.001 -18"><span class='ocrx_word' id='word_1_91' title='bbox 144 1353 334 1404; x_wconf 85' lang='lat' dir='ltr'>bacam</span> <span class='ocrx_word' id='word_1_92' title='bbox 389 1350 680 1418; x_wconf 86' lang='lat' dir='ltr'>dimidiam,</span> <span class='ocrx_word' id='word_1_93' title='bbox 736 1350 906 1404; x_wconf 86' lang='lat' dir='ltr'>addes</span> <span class='ocrx_word' id='word_1_94' title='bbox 957 1355 1178 1422; x_wconf 85' lang='lat' dir='ltr'>propter</span> <span class='ocrx_word' id='word_1_95' title='bbox 1228 1350 1461 1404; x_wconf 88' lang='lat' dir='ltr'>colorem</span> <span class='ocrx_word' id='word_1_96' title='bbox 1511 1366 1740 1403; x_wconf 91' lang='lat' dir='ltr'>crocum.</span> 
     </span>
     <span class='ocr_line' id='line_1_16' title="bbox 144 1422 1742 1496; baseline -0.001 -19"><span class='ocrx_word' id='word_1_97' title='bbox 144 1425 403 1478; x_wconf 88' lang='lat' dir='ltr'>amolabis</span> <span class='ocrx_word' id='word_1_98' title='bbox 445 1424 514 1478; x_wconf 90' lang='lat' dir='ltr'>de</span> <span class='ocrx_word' id='word_1_99' title='bbox 556 1425 726 1478; x_wconf 91' lang='lat' dir='ltr'>oridia</span> <span class='ocrx_word' id='word_1_100' title='bbox 764 1430 983 1495; x_wconf 88' lang='lat' dir='ltr'>propter</span> <span class='ocrx_word' id='word_1_101' title='bbox 1005 1423 1419 1496; x_wconf 83' lang='lat' dir='ltr'>spissitudinem.</span> <span class='ocrx_word' id='word_1_102' title='bbox 1464 1422 1742 1495; x_wconf 87' lang='lat' dir='ltr'>superfun-</span> 
     </span>
     <span class='ocr_line' id='line_1_17' title="bbox 143 1498 1536 1553; baseline 0.001 -2"><span class='ocrx_word' id='word_1_103' title='bbox 143 1498 239 1553; x_wconf 88' lang='lat' dir='ltr'>des</span> <span class='ocrx_word' id='word_1_104' title='bbox 282 1504 333 1552; x_wconf 87' lang='lat' dir='ltr'>et</span> <span class='ocrx_word' id='word_1_105' title='bbox 371 1504 494 1552; x_wconf 90' lang='lat' dir='ltr'>tunc</span> <span class='ocrx_word' id='word_1_106' title='bbox 538 1499 750 1553; x_wconf 90' lang='lat' dir='ltr'>inferes.</span> <span class='ocrx_word' id='word_1_107' title='bbox 794 1498 966 1553; x_wconf 90' lang='lat' dir='ltr'>addes</span> <span class='ocrx_word' id='word_1_108' title='bbox 1006 1499 1270 1552; x_wconf 88' lang='lat' dir='ltr'>modicum</span> <span class='ocrx_word' id='word_1_109' title='bbox 1311 1503 1536 1552; x_wconf 86' lang='lat' dir='ltr'>acetum.</span> 
     </span>
    </p>
   </div>
   <div class='ocr_carea' id='block_1_3' title="bbox 133 1646 897 2946">
    <p class='ocr_par' dir='ltr' id='par_1_5' title="bbox 133 1646 897 2946">
     <span class='ocr_line' id='line_1_18' title="bbox 143 1646 897 1692; baseline -0.004 0"><span class='ocrx_word' id='word_1_110' title='bbox 143 1646 260 1692; x_wconf 82' lang='lat' dir='ltr'>enim</span> <span class='ocrx_word' id='word_1_111' title='bbox 286 1651 478 1691; x_wconf 87' lang='lat' dir='ltr'>eatenus</span> <span class='ocrx_word' id='word_1_112' title='bbox 507 1646 897 1691; x_wconf 87' lang='lat' dir='ltr'>circumcideban-</span> 
     </span>
     <span class='ocr_line' id='line_1_19' title="bbox 141 1705 895 1761; baseline 0.001 -11"><span class='ocrx_word' id='word_1_113' title='bbox 141 1711 216 1750; x_wconf 86' lang='lat' dir='ltr'>tur</span> <span class='ocrx_word' id='word_1_114' title='bbox 238 1718 329 1761; x_wconf 84' lang='lat' dir='ltr'>qua</span> <span class='ocrx_word' id='word_1_115' title='bbox 348 1706 622 1756; x_wconf 86' lang='lat' dir='ltr'>edebantur,</span> <span class='ocrx_word' id='word_1_116' title='bbox 643 1705 802 1751; x_wconf 81' lang='lat' dir='ltr'>Senec.</span> <span class='ocrx_word' id='word_1_117' title='bbox 823 1719 895 1761; x_wconf 83' lang='lat' dir='ltr'>ep.</span> 
     </span>
     <span class='ocr_line' id='line_1_20' title="bbox 144 1765 894 1818; baseline 0 -10"><span class='ocrx_word' id='word_1_118' title='bbox 144 1766 211 1816; x_wconf 86' lang='lat'>15,</span> <span class='ocrx_word' id='word_1_119' title='bbox 245 1767 285 1818; x_wconf 83' lang='lat'>3,</span> <span class='ocrx_word' id='word_1_120' title='bbox 315 1766 385 1809; x_wconf 85' lang='grc'>27.</span> <span class='ocrx_word' id='word_1_121' title='bbox 421 1790 474 1795; x_wconf 52' lang='lat'>—*</span> <span class='ocrx_word' id='word_1_122' title='bbox 511 1765 660 1810; x_wconf 89' lang='lat' dir='ltr'>simile</span> <span class='ocrx_word' id='word_1_123' title='bbox 691 1767 762 1810; x_wconf 88' lang='lat' dir='ltr'>ius</span> <span class='ocrx_word' id='word_1_124' title='bbox 797 1766 894 1809; x_wconf 83' lang='grc'><strong>128.</strong></span> 
     </span>
     <span class='ocr_line' id='line_1_21' title="bbox 142 1825 895 1881; baseline 0 -12"><span class='ocrx_word' id='word_1_125' title='bbox 142 1826 199 1870; x_wconf 89' lang='lat' dir='ltr'>de</span> <span class='ocrx_word' id='word_1_126' title='bbox 251 1825 501 1881; x_wconf 88' lang='lat' dir='ltr'>liquamine</span> <span class='ocrx_word' id='word_1_127' title='bbox 553 1825 625 1869; x_wconf 91' lang='lat' dir='ltr'>bis</span> <span class='ocrx_word' id='word_1_128' title='bbox 683 1825 895 1869; x_wconf 88' lang='lat' dir='ltr'>adhibito</span> 
     </span>
     <span class='ocr_line' id='line_1_22' title="bbox 139 1883 896 1929; baseline 0 -1"><span class='ocrx_word' id='word_1_129' title='bbox 139 1883 324 1929; x_wconf 90' lang='lat' dir='ltr'>ibidem.</span> <span class='ocrx_word' id='word_1_130' title='bbox 362 1883 419 1928; x_wconf 85' lang='lat' dir='ltr'>cf.</span> <span class='ocrx_word' id='word_1_131' title='bbox 455 1890 504 1929; x_wconf 89' lang='lat' dir='ltr'>et</span> <span class='ocrx_word' id='word_1_132' title='bbox 538 1885 635 1928; x_wconf 85' lang='lat'><strong>169.</strong></span> <span class='ocrx_word' id='word_1_133' title='bbox 667 1910 719 1914; x_wconf 92' lang='lat'><strong>—</strong></span> <span class='ocrx_word' id='word_1_134' title='bbox 765 1885 896 1929; x_wconf 87' lang='lat' dir='ltr'>exin</span> 
     </span>
     <span class='ocr_line' id='line_1_23' title="bbox 141 1942 895 1999; baseline 0 -12"><span class='ocrx_word' id='word_1_135' title='bbox 141 1957 254 1988; x_wconf 87' lang='lat' dir='ltr'>corr.</span> <span class='ocrx_word' id='word_1_136' title='bbox 290 1957 376 1999; x_wconf 89' lang='lat' dir='ltr'>pro</span> <span class='ocrx_word' id='word_1_137' title='bbox 411 1948 468 1987; x_wconf 89' lang='lat' dir='ltr'>et</span> <span class='ocrx_word' id='word_1_138' title='bbox 503 1942 579 1987; x_wconf 86' lang='lat' dir='ltr'>in.</span> <span class='ocrx_word' id='word_1_139' title='bbox 617 1943 895 1999; x_wconf 85' lang='lat' dir='ltr'>compositio</span> 
     </span>
     <span class='ocr_line' id='line_1_24' title="bbox 139 2002 895 2058; baseline 0.001 -13"><span class='ocrx_word' id='word_1_140' title='bbox 139 2003 254 2048; x_wconf 87' lang='lat' dir='ltr'>haec</span> <span class='ocrx_word' id='word_1_141' title='bbox 271 2003 478 2046; x_wconf 85' lang='lat' dir='ltr'>videtur:</span> <span class='ocrx_word' id='word_1_142' title='bbox 502 2015 787 2058; x_wconf 84' lang='lat' dir='ltr'>oenogarum</span> <span class='ocrx_word' id='word_1_143' title='bbox 807 2002 895 2047; x_wconf 88' lang='lat' dir='ltr'>fer-</span> 
     </span>
     <span class='ocr_line' id='line_1_25' title="bbox 139 2061 892 2118; baseline 0.003 -13"><span class='ocrx_word' id='word_1_144' title='bbox 139 2061 388 2113; x_wconf 87' lang='lat' dir='ltr'>vefactum,</span> <span class='ocrx_word' id='word_1_145' title='bbox 409 2066 628 2106; x_wconf 86' lang='lat' dir='ltr'>constans</span> <span class='ocrx_word' id='word_1_146' title='bbox 648 2076 703 2106; x_wconf 82' lang='lat' dir='ltr'>ex</span> <span class='ocrx_word' id='word_1_147' title='bbox 719 2063 892 2118; x_wconf 84' lang='lat' dir='ltr'>pipere,</span> 
     </span>
     <span class='ocr_line' id='line_1_26' title="bbox 138 2121 894 2178; baseline 0.001 -13"><span class='ocrx_word' id='word_1_148' title='bbox 138 2121 402 2178; x_wconf 83' lang='lat' dir='ltr'>liquamine,</span> <span class='ocrx_word' id='word_1_149' title='bbox 420 2121 543 2173; x_wconf 84' lang='lat' dir='ltr'>vino,</span> <span class='ocrx_word' id='word_1_150' title='bbox 566 2122 671 2165; x_wconf 89' lang='lat' dir='ltr'>olco</span> <span class='ocrx_word' id='word_1_151' title='bbox 688 2128 735 2166; x_wconf 91' lang='lat' dir='ltr'>et</span> <span class='ocrx_word' id='word_1_152' title='bbox 750 2127 894 2166; x_wconf 88' lang='lat' dir='ltr'>ostre-</span> 
     </span>
     <span class='ocr_line' id='line_1_27' title="bbox 138 2180 888 2236; baseline 0.001 -12"><span class='ocrx_word' id='word_1_153' title='bbox 138 2182 191 2232; x_wconf 90' lang='lat' dir='ltr'>is,</span> <span class='ocrx_word' id='word_1_154' title='bbox 231 2193 370 2235; x_wconf 88' lang='lat' dir='ltr'>snper</span> <span class='ocrx_word' id='word_1_155' title='bbox 412 2180 578 2236; x_wconf 87' lang='lat' dir='ltr'>pulpas</span> <span class='ocrx_word' id='word_1_156' title='bbox 615 2180 888 2225; x_wconf 85' lang='lat' dir='ltr'>subassatas</span> 
     </span>
     <span class='ocr_line' id='line_1_28' title="bbox 139 2240 893 2296; baseline 0.001 -13"><span class='ocrx_word' id='word_1_157' title='bbox 139 2240 349 2290; x_wconf 82' lang='lat' dir='ltr'>denticis,</span> <span class='ocrx_word' id='word_1_158' title='bbox 393 2245 586 2284; x_wconf 79' lang='lat' dir='ltr'>auratae</span> <span class='ocrx_word' id='word_1_159' title='bbox 630 2245 677 2284; x_wconf 89' lang='lat' dir='ltr'>et</span> <span class='ocrx_word' id='word_1_160' title='bbox 710 2241 893 2296; x_wconf 90' lang='lat' dir='ltr'>mugilis</span> 
     </span>
     <span class='ocr_line' id='line_1_29' title="bbox 138 2299 894 2356; baseline 0.004 -15"><span class='ocrx_word' id='word_1_161' title='bbox 138 2300 183 2342; x_wconf 92' lang='lat' dir='ltr'>in</span> <span class='ocrx_word' id='word_1_162' title='bbox 215 2299 422 2353; x_wconf 82' lang='lat' dir='ltr'>patinam</span> <span class='ocrx_word' id='word_1_163' title='bbox 466 2299 666 2343; x_wconf 90' lang='lat' dir='ltr'>mittitur</span> <span class='ocrx_word' id='word_1_164' title='bbox 699 2312 894 2356; x_wconf 90' lang='lat' dir='ltr'>cumque</span> 
     </span>
     <span class='ocr_line' id='line_1_30' title="bbox 138 2356 891 2409; baseline 0.001 -8"><span class='ocrx_word' id='word_1_165' title='bbox 138 2358 186 2401; x_wconf 86' lang='lat' dir='ltr'>id</span> <span class='ocrx_word' id='word_1_166' title='bbox 230 2356 467 2409; x_wconf 88' lang='lat' dir='ltr'>ferbuerit,</span> <span class='ocrx_word' id='word_1_167' title='bbox 512 2371 603 2402; x_wconf 88' lang='lat' dir='ltr'>ova</span> <span class='ocrx_word' id='word_1_168' title='bbox 646 2358 787 2402; x_wconf 85' lang='lat' dir='ltr'>cruda</span> <span class='ocrx_word' id='word_1_169' title='bbox 827 2359 891 2402; x_wconf 91' lang='lat' dir='ltr'>in-</span> 
     </span>
     <span class='ocr_line' id='line_1_31' title="bbox 138 2415 892 2461; baseline 0.003 -3"><span class='ocrx_word' id='word_1_170' title='bbox 138 2415 393 2460; x_wconf 84' lang='lat' dir='ltr'>funduntur</span> <span class='ocrx_word' id='word_1_171' title='bbox 411 2421 458 2461; x_wconf 89' lang='lat' dir='ltr'>et</span> <span class='ocrx_word' id='word_1_172' title='bbox 477 2430 577 2460; x_wconf 90' lang='lat' dir='ltr'>cum</span> <span class='ocrx_word' id='word_1_173' title='bbox 591 2421 744 2460; x_wconf 90' lang='lat' dir='ltr'>totum</span> <span class='ocrx_word' id='word_1_174' title='bbox 757 2418 892 2461; x_wconf 83' lang='lat' dir='ltr'>strin-</span> 
     </span>
     <span class='ocr_line' id='line_1_32' title="bbox 137 2475 891 2526; baseline 0.003 -8"><span class='ocrx_word' id='word_1_175' title='bbox 137 2475 256 2519; x_wconf 87' lang='lat' dir='ltr'>xerit</span> <span class='ocrx_word' id='word_1_176' title='bbox 305 2488 386 2519; x_wconf 89' lang='lat' dir='ltr'>seu</span> <span class='ocrx_word' id='word_1_177' title='bbox 432 2475 550 2519; x_wconf 89' lang='lat' dir='ltr'>bene</span> <span class='ocrx_word' id='word_1_178' title='bbox 600 2476 798 2526; x_wconf 83' lang='lat' dir='ltr'>duxerit,</span> <span class='ocrx_word' id='word_1_179' title='bbox 845 2477 891 2520; x_wconf 90' lang='lat' dir='ltr'>in</span> 
     </span>
     <span class='ocr_line' id='line_1_33' title="bbox 137 2533 890 2590; baseline 0.001 -13"><span class='ocrx_word' id='word_1_180' title='bbox 137 2548 275 2577; x_wconf 89' lang='lat' dir='ltr'>unum</span> <span class='ocrx_word' id='word_1_181' title='bbox 295 2538 507 2578; x_wconf 85' lang='lat' dir='ltr'>coactum</span> <span class='ocrx_word' id='word_1_182' title='bbox 521 2533 662 2579; x_wconf 86' lang='lat' dir='ltr'>fuerit</span> <span class='ocrx_word' id='word_1_183' title='bbox 681 2535 759 2590; x_wconf 81' lang='lat' dir='ltr'>(ad</span> <span class='ocrx_word' id='word_1_184' title='bbox 772 2534 890 2589; x_wconf 82' lang='lat'>147),</span> 
     </span>
     <span class='ocr_line' id='line_1_34' title="bbox 134 2592 891 2648; baseline 0.003 -12"><span class='ocrx_word' id='word_1_185' title='bbox 134 2593 294 2648; x_wconf 88' lang='lat' dir='ltr'>pipere</span> <span class='ocrx_word' id='word_1_186' title='bbox 318 2605 508 2648; x_wconf 87' lang='lat' dir='ltr'>asperso</span> <span class='ocrx_word' id='word_1_187' title='bbox 532 2592 740 2637; x_wconf 86' lang='lat' dir='ltr'>infertur.</span> <span class='ocrx_word' id='word_1_188' title='bbox 765 2607 891 2638; x_wconf 89' lang='lat' dir='ltr'>con-</span> 
     </span>
     <span class='ocr_line' id='line_1_35' title="bbox 135 2651 891 2697; baseline 0.001 -2"><span class='ocrx_word' id='word_1_189' title='bbox 135 2652 396 2695; x_wconf 83' lang='lat' dir='ltr'>dituram</span> <span class='ocrx_word' id='word_1_190' title='bbox 429 2652 494 2696; x_wconf 91' lang='lat' dir='ltr'>de</span> <span class='ocrx_word' id='word_1_191' title='bbox 522 2651 792 2697; x_wconf 87' lang='lat' dir='ltr'>hostreis</span> <span class='ocrx_word' id='word_1_192' title='bbox 824 2653 891 2696; x_wconf 89' lang='lat' dir='ltr'>in-</span> 
     </span>
     <span class='ocr_line' id='line_1_36' title="bbox 134 2712 889 2766; baseline 0.003 -12"><span class='ocrx_word' id='word_1_193' title='bbox 134 2715 547 2766; x_wconf 88' lang='lat' dir='ltr'>terpretamentum</span> <span class='ocrx_word' id='word_1_194' title='bbox 585 2712 717 2755; x_wconf 85' lang='lat' dir='ltr'>vocis</span> <span class='ocrx_word' id='word_1_195' title='bbox 751 2725 889 2756; x_wconf 90' lang='lat' dir='ltr'>oeno-</span> 
     </span>
     <span class='ocr_line' id='line_1_37' title="bbox 133 2769 889 2826; baseline 0.004 -13"><span class='ocrx_word' id='word_1_196' title='bbox 133 2782 295 2825; x_wconf 88' lang='lat' dir='ltr'>garum</span> <span class='ocrx_word' id='word_1_197' title='bbox 348 2769 512 2814; x_wconf 88' lang='lat' dir='ltr'>habeo.</span> <span class='ocrx_word' id='word_1_198' title='bbox 563 2784 740 2826; x_wconf 87' lang='lat' dir='ltr'>super</span> <span class='ocrx_word' id='word_1_199' title='bbox 777 2770 889 2816; x_wconf 92' lang='lat' dir='ltr'>.ho-</span> 
     </span>
     <span class='ocr_line' id='line_1_38' title="bbox 135 2829 886 2884; baseline 0.004 -12"><span class='ocrx_word' id='word_1_200' title='bbox 135 2833 302 2873; x_wconf 86' lang='lat' dir='ltr'>strea</span> <span class='ocrx_word' id='word_1_201' title='bbox 333 2842 473 2884; x_wconf 90' lang='lat' dir='ltr'>super</span> <span class='ocrx_word' id='word_1_202' title='bbox 506 2829 795 2874; x_wconf 87' lang='lat' dir='ltr'>condituram</span> <span class='ocrx_word' id='word_1_203' title='bbox 829 2830 886 2876; x_wconf 85' lang='lat' dir='ltr'>de</span> 
     </span>
     <span class='ocr_line' id='line_1_39' title="bbox 134 2887 650 2946; baseline 0.004 -15"><span class='ocrx_word' id='word_1_204' title='bbox 134 2887 333 2933; x_wconf 85' lang='lat' dir='ltr'>hostreis</span> <span class='ocrx_word' id='word_1_205' title='bbox 367 2893 414 2933; x_wconf 93' lang='lat' dir='ltr'>et</span> <span class='ocrx_word' id='word_1_206' title='bbox 444 2889 650 2946; x_wconf 82' lang='lat' dir='ltr'>pulpam.</span> 
     </span>
    </p>
   </div>
   <div class='ocr_carea' id='block_1_4' title="bbox 977 1646 1741 2939">
    <p class='ocr_par' dir='ltr' id='par_1_6' title="bbox 987 1646 1741 1930">
     <span class='ocr_line' id='line_1_40' title="bbox 1078 1646 1741 1704; baseline 0.005 -15"><span class='ocrx_word' id='word_1_207' title='bbox 1078 1646 1140 1690; x_wconf 88' lang='lat' dir='ltr'>ad</span> <span class='ocrx_word' id='word_1_208' title='bbox 1165 1647 1264 1691; x_wconf 83' lang='grc'><strong>152.</strong></span> <span class='ocrx_word' id='word_1_209' title='bbox 1298 1647 1477 1704; x_wconf 88' lang='lat' dir='ltr'>lupus</span> <span class='ocrx_word' id='word_1_210' title='bbox 1509 1660 1649 1702; x_wconf 85' lang='lat' dir='ltr'>perca</span> <span class='ocrx_word' id='word_1_211' title='bbox 1676 1648 1741 1692; x_wconf 91' lang='lat' dir='ltr'>la-</span> 
     </span>
     <span class='ocr_line' id='line_1_41' title="bbox 988 1705 1741 1763; baseline 0.005 -14"><span class='ocrx_word' id='word_1_212' title='bbox 988 1705 1106 1750; x_wconf 87' lang='lat' dir='ltr'>brax</span> <span class='ocrx_word' id='word_1_213' title='bbox 1146 1707 1244 1750; x_wconf 90' lang='lat' dir='ltr'>Lin.</span> <span class='ocrx_word' id='word_1_214' title='bbox 1290 1706 1449 1763; x_wconf 74' lang='grc' dir='ltr'><em>λάβραξ</em></span> <span class='ocrx_word' id='word_1_215' title='bbox 1490 1706 1663 1752; x_wconf 84' lang='lat' dir='ltr'>Athen·</span> <span class='ocrx_word' id='word_1_216' title='bbox 1701 1709 1741 1759; x_wconf 84' lang='lat'>7,</span> 
     </span>
     <span class='ocr_line' id='line_1_42' title="bbox 987 1766 1741 1823; baseline 0.001 -13"><span class='ocrx_word' id='word_1_217' title='bbox 987 1767 1058 1810; x_wconf 90' lang='lat'>86.</span> <span class='ocrx_word' id='word_1_218' title='bbox 1080 1766 1150 1809; x_wconf 83' lang='lat'>87.</span> <span class='ocrx_word' id='word_1_219' title='bbox 1185 1767 1373 1811; x_wconf 89' lang='lat' dir='ltr'>Lucian.</span> <span class='ocrx_word' id='word_1_220' title='bbox 1395 1767 1559 1823; x_wconf 87' lang='lat' dir='ltr'>piscat.</span> <span class='ocrx_word' id='word_1_221' title='bbox 1579 1767 1655 1815; x_wconf 76' lang='lat'>48.</span> <span class='ocrx_word' id='word_1_222' title='bbox 1678 1767 1741 1811; x_wconf 87' lang='lat' dir='ltr'>ad</span> 
     </span>
     <span class='ocr_line' id='line_1_43' title="bbox 987 1826 1739 1878; baseline 0.003 -9"><span class='ocrx_word' id='word_1_223' title='bbox 987 1826 1149 1870; x_wconf 85' lang='lat' dir='ltr'>Horat.</span> <span class='ocrx_word' id='word_1_224' title='bbox 1184 1839 1316 1870; x_wconf 89' lang='lat' dir='ltr'>serm.</span> <span class='ocrx_word' id='word_1_225' title='bbox 1352 1828 1393 1878; x_wconf 92' lang='grc'>2,</span> <span class='ocrx_word' id='word_1_226' title='bbox 1422 1828 1462 1877; x_wconf 89' lang='grc'>2,</span> <span class='ocrx_word' id='word_1_227' title='bbox 1487 1826 1560 1870; x_wconf 84' lang='grc'><strong>31.</strong></span> <span class='ocrx_word' id='word_1_228' title='bbox 1594 1840 1739 1871; x_wconf 87' lang='lat' dir='ltr'>meer-</span> 
     </span>
     <span class='ocr_line' id='line_1_44' title="bbox 988 1883 1462 1930; baseline -0.004 -1"><span class='ocrx_word' id='word_1_229' title='bbox 988 1883 1109 1929; x_wconf 89' lang='lat' dir='ltr'>wolf</span> <span class='ocrx_word' id='word_1_230' title='bbox 1134 1884 1287 1930; x_wconf 89' lang='lat' dir='ltr'>adhuc</span> <span class='ocrx_word' id='word_1_231' title='bbox 1318 1886 1462 1930; x_wconf 88' lang='lat' dir='ltr'>audit.</span> 
     </span>
    </p>

    <p class='ocr_par' dir='ltr' id='par_1_7' title="bbox 977 1944 1740 2939">
     <span class='ocr_line' id='line_1_45' title="bbox 1077 1944 1738 1999; baseline 0.005 -12"><span class='ocrx_word' id='word_1_232' title='bbox 1077 1944 1138 1988; x_wconf 89' lang='lat' dir='ltr'>ad</span> <span class='ocrx_word' id='word_1_233' title='bbox 1187 1946 1285 1989; x_wconf 71' lang='lat'>153,</span> <span class='ocrx_word' id='word_1_234' title='bbox 1347 1958 1403 1990; x_wconf 87' lang='lat' dir='ltr'>ea</span> <span class='ocrx_word' id='word_1_235' title='bbox 1460 1944 1738 1999; x_wconf 87' lang='lat' dir='ltr'>compositio</span> 
     </span>
     <span class='ocr_line' id='line_1_46' title="bbox 989 2004 1740 2060; baseline 0.001 -13"><span class='ocrx_word' id='word_1_236' title='bbox 989 2017 1089 2047; x_wconf 92' lang='lat' dir='ltr'>cum</span> <span class='ocrx_word' id='word_1_237' title='bbox 1108 2005 1409 2060; x_wconf 82' lang='lat' dir='ltr'>sequentibus</span> <span class='ocrx_word' id='word_1_238' title='bbox 1427 2004 1487 2047; x_wconf 86' lang='lat' dir='ltr'>ad</span> <span class='ocrx_word' id='word_1_239' title='bbox 1508 2005 1606 2048; x_wconf 84' lang='lat'>165.</span> <span class='ocrx_word' id='word_1_240' title='bbox 1631 2009 1740 2049; x_wconf 88' lang='lat' dir='ltr'>sunt</span> 
     </span>
     <span class='ocr_line' id='line_1_47' title="bbox 988 2063 1736 2119; baseline -0.001 -12"><span class='ocrx_word' id='word_1_241' title='bbox 988 2076 1044 2107; x_wconf 86' lang='lat' dir='ltr'>ex</span> <span class='ocrx_word' id='word_1_242' title='bbox 1070 2063 1329 2118; x_wconf 87' lang='lat' dir='ltr'>Excerptis.</span> <span class='ocrx_word' id='word_1_243' title='bbox 1363 2063 1547 2119; x_wconf 85' lang='lat' dir='ltr'>scorpio</span> <span class='ocrx_word' id='word_1_244' title='bbox 1566 2068 1617 2107; x_wconf 93' lang='lat' dir='ltr'>ut</span> <span class='ocrx_word' id='word_1_245' title='bbox 1635 2063 1736 2107; x_wconf 83' lang='lat'>475.</span> 
     </span>
     <span class='ocr_line' id='line_1_48' title="bbox 986 2121 1738 2179; baseline 0.003 -14"><span class='ocrx_word' id='word_1_246' title='bbox 986 2121 1264 2166; x_wconf 82' lang='lat' dir='ltr'>Ar1stotelis</span> <span class='ocrx_word' id='word_1_247' title='bbox 1297 2124 1586 2179; x_wconf 85' lang='lat' dir='ltr'>aliorumque</span> <span class='ocrx_word' id='word_1_248' title='bbox 1617 2137 1738 2179; x_wconf 80' lang='grc' dir='ltr'><em>σκορ-</em></span> 
     </span>
     <span class='ocr_line' id='line_1_49' title="bbox 988 2182 1737 2237; baseline 0.004 -13"><span class='ocrx_word' id='word_1_249' title='bbox 988 2185 1097 2231; x_wconf 74' lang='grc' dir='ltr'>πίος,</span> <span class='ocrx_word' id='word_1_250' title='bbox 1130 2182 1267 2226; x_wconf 89' lang='lat' dir='ltr'>Plinii</span> <span class='ocrx_word' id='word_1_251' title='bbox 1292 2184 1364 2234; x_wconf 89' lang='grc'>32,</span> <span class='ocrx_word' id='word_1_252' title='bbox 1390 2183 1488 2226; x_wconf 87' lang='grc'><strong>151.</strong></span> <span class='ocrx_word' id='word_1_253' title='bbox 1523 2195 1737 2237; x_wconf 87' lang='lat' dir='ltr'>scorpae-</span> 
     </span>
     <span class='ocr_line' id='line_1_50' title="bbox 986 2240 1737 2298; baseline 0.005 -16"><span class='ocrx_word' id='word_1_254' title='bbox 986 2253 1058 2291; x_wconf 89' lang='lat' dir='ltr'>na,</span> <span class='ocrx_word' id='word_1_255' title='bbox 1094 2240 1258 2285; x_wconf 90' lang='lat' dir='ltr'>Okenii</span> <span class='ocrx_word' id='word_1_256' title='bbox 1285 2254 1540 2298; x_wconf 78' lang='lat' dir='ltr'>scorpaena</span> <span class='ocrx_word' id='word_1_257' title='bbox 1553 2255 1737 2297; x_wconf 85' lang='lat' dir='ltr'>porcus,</span> 
     </span>
     <span class='ocr_line' id='line_1_51' title="bbox 986 2299 1737 2356; baseline 0.003 -14"><span class='ocrx_word' id='word_1_258' title='bbox 986 2299 1319 2356; x_wconf 83' lang='lat' dir='ltr'>drachenkopf.</span> <span class='ocrx_word' id='word_1_259' title='bbox 1340 2314 1437 2356; x_wconf 89' lang='lat' dir='ltr'>rap</span> <span class='ocrx_word' id='word_1_260' title='bbox 1451 2314 1480 2344; x_wconf 96' lang='lat' dir='ltr'>u</span> <span class='ocrx_word' id='word_1_261' title='bbox 1492 2301 1508 2343; x_wconf 93' lang='lat'><strong>1</strong></span> <span class='ocrx_word' id='word_1_262' title='bbox 1522 2314 1550 2343; x_wconf 88' lang='lat' dir='ltr'>a</span> <span class='ocrx_word' id='word_1_263' title='bbox 1562 2306 1582 2344; x_wconf 89' lang='lat' dir='ltr'>t</span> <span class='ocrx_word' id='word_1_264' title='bbox 1594 2315 1621 2344; x_wconf 94' lang='lat' dir='ltr'>o</span> <span class='ocrx_word' id='word_1_265' title='bbox 1636 2314 1658 2344; x_wconf 91' lang='lat' dir='ltr'>s</span> <span class='ocrx_word' id='word_1_266' title='bbox 1680 2315 1737 2345; x_wconf 83' lang='lat' dir='ltr'>ex</span> 
     </span>
     <span class='ocr_line' id='line_1_52' title="bbox 984 2359 1733 2415; baseline 0.004 -14"><span class='ocrx_word' id='word_1_267' title='bbox 984 2359 1158 2413; x_wconf 84' lang='lat' dir='ltr'>rapulis</span> <span class='ocrx_word' id='word_1_268' title='bbox 1192 2372 1227 2403; x_wconf 90' lang='lat' dir='ltr'>s.</span> <span class='ocrx_word' id='word_1_269' title='bbox 1262 2361 1386 2415; x_wconf 87' lang='lat' dir='ltr'>rapis</span> <span class='ocrx_word' id='word_1_270' title='bbox 1413 2364 1733 2415; x_wconf 87' lang='lat' dir='ltr'>praeparatos.</span> 
     </span>
     <span class='ocr_line' id='line_1_53' title="bbox 984 2417 1735 2463; baseline 0.004 -3"><span class='ocrx_word' id='word_1_271' title='bbox 984 2417 1142 2462; x_wconf 89' lang='lat' dir='ltr'>lexicis</span> <span class='ocrx_word' id='word_1_272' title='bbox 1176 2418 1312 2463; x_wconf 85' lang='lat' dir='ltr'>adde.</span> <span class='ocrx_word' id='word_1_273' title='bbox 1348 2419 1512 2463; x_wconf 88' lang='lat' dir='ltr'>cocis</span> <span class='ocrx_word' id='word_1_274' title='bbox 1546 2419 1650 2463; x_wconf 80' lang='lat' dir='ltr'>cod.</span> <span class='ocrx_word' id='word_1_275' title='bbox 1677 2419 1735 2463; x_wconf 86' lang='lat' dir='ltr'>de</span> 
     </span>
     <span class='ocr_line' id='line_1_54' title="bbox 985 2476 1734 2531; baseline 0.004 -12"><span class='ocrx_word' id='word_1_276' title='bbox 985 2489 1076 2531; x_wconf 88' lang='lat' dir='ltr'>qua</span> <span class='ocrx_word' id='word_1_277' title='bbox 1118 2489 1231 2520; x_wconf 86' lang='lat' dir='ltr'>vera</span> <span class='ocrx_word' id='word_1_278' title='bbox 1271 2478 1403 2522; x_wconf 89' lang='lat' dir='ltr'>verbi</span> <span class='ocrx_word' id='word_1_279' title='bbox 1455 2476 1604 2522; x_wconf 88' lang='lat' dir='ltr'>forma</span> <span class='ocrx_word' id='word_1_280' title='bbox 1655 2478 1734 2522; x_wconf 89' lang='lat' dir='ltr'>alii</span> 
     </span>
     <span class='ocr_line' id='line_1_55' title="bbox 984 2535 1734 2582; baseline 0.005 -4"><span class='ocrx_word' id='word_1_281' title='bbox 984 2535 1210 2579; x_wconf 84' lang='lat' dir='ltr'>dixerunt.</span> <span class='ocrx_word' id='word_1_282' title='bbox 1267 2550 1387 2580; x_wconf 89' lang='lat' dir='ltr'>cum</span> <span class='ocrx_word' id='word_1_283' title='bbox 1436 2537 1734 2582; x_wconf 87' lang='lat' dir='ltr'>mediave-</span> 
     </span>
     <span class='ocr_line' id='line_1_56' title="bbox 982 2595 1726 2641; baseline 0.005 -4"><span class='ocrx_word' id='word_1_284' title='bbox 982 2595 1104 2638; x_wconf 89' lang='lat' dir='ltr'>rint</span> <span class='ocrx_word' id='word_1_285' title='bbox 1137 2600 1388 2640; x_wconf 87' lang='lat' dir='ltr'>coctura</span> <span class='ocrx_word' id='word_1_286' title='bbox 1421 2596 1522 2641; x_wconf 90' lang='lat' dir='ltr'>cod.</span> <span class='ocrx_word' id='word_1_287' title='bbox 1567 2596 1620 2639; x_wconf 93' lang='lat' dir='ltr'>in</span> <span class='ocrx_word' id='word_1_288' title='bbox 1652 2597 1726 2641; x_wconf 86' lang='lat' dir='ltr'>ab·</span> 
     </span>
     <span class='ocr_line' id='line_1_57' title="bbox 982 2654 1734 2709; baseline 0.004 -13"><span class='ocrx_word' id='word_1_289' title='bbox 982 2658 1191 2709; x_wconf 88' lang='lat' dir='ltr'>sorptum</span> <span class='ocrx_word' id='word_1_290' title='bbox 1224 2654 1387 2699; x_wconf 88' lang='lat' dir='ltr'>addidi</span> <span class='ocrx_word' id='word_1_291' title='bbox 1414 2661 1462 2700; x_wconf 93' lang='lat' dir='ltr'>et</span> <span class='ocrx_word' id='word_1_292' title='bbox 1481 2655 1659 2700; x_wconf 85' lang='lat' dir='ltr'>correxi</span> <span class='ocrx_word' id='word_1_293' title='bbox 1676 2669 1734 2699; x_wconf 86' lang='lat' dir='ltr'>ex</span> 
     </span>
     <span class='ocr_line' id='line_1_58' title="bbox 981 2713 1730 2760; baseline 0.003 -5"><span class='ocrx_word' id='word_1_294' title='bbox 981 2713 1082 2756; x_wconf 87' lang='lat'><strong>369.</strong></span> <span class='ocrx_word' id='word_1_295' title='bbox 1118 2717 1179 2756; x_wconf 87' lang='lat' dir='ltr'>ut</span> <span class='ocrx_word' id='word_1_296' title='bbox 1203 2727 1456 2759; x_wconf 89' lang='lat' dir='ltr'>umorem</span> <span class='ocrx_word' id='word_1_297' title='bbox 1475 2729 1585 2760; x_wconf 91' lang='lat' dir='ltr'>non</span> <span class='ocrx_word' id='word_1_298' title='bbox 1605 2714 1730 2759; x_wconf 90' lang='lat' dir='ltr'>hab.</span> 
     </span>
     <span class='ocr_line' id='line_1_59' title="bbox 980 2772 1731 2819; baseline 0.003 -4"><span class='ocrx_word' id='word_1_299' title='bbox 980 2776 1031 2816; x_wconf 88' lang='lat' dir='ltr'>ut</span> <span class='ocrx_word' id='word_1_300' title='bbox 1063 2772 1391 2817; x_wconf 87' lang='lat' dir='ltr'>exbromentur</span> <span class='ocrx_word' id='word_1_301' title='bbox 1411 2775 1510 2817; x_wconf 85' lang='grc'><strong>216.</strong></span> <span class='ocrx_word' id='word_1_302' title='bbox 1534 2778 1592 2819; x_wconf 87' lang='lat' dir='ltr'>et</span> <span class='ocrx_word' id='word_1_303' title='bbox 1614 2786 1731 2817; x_wconf 88' lang='lat' dir='ltr'>cum</span> 
     </span>
     <span class='ocr_line' id='line_1_60' title="bbox 979 2832 1730 2887; baseline 0.001 -13"><span class='ocrx_word' id='word_1_304' title='bbox 979 2844 1095 2875; x_wconf 83' lang='lat' dir='ltr'>corr.</span> <span class='ocrx_word' id='word_1_305' title='bbox 1128 2845 1213 2887; x_wconf 88' lang='lat' dir='ltr'>pro</span> <span class='ocrx_word' id='word_1_306' title='bbox 1258 2834 1452 2877; x_wconf 88' lang='lat' dir='ltr'>etiam.</span> <span class='ocrx_word' id='word_1_307' title='bbox 1502 2859 1554 2863; x_wconf 96' lang='lat'><strong>—</strong></span> <span class='ocrx_word' id='word_1_308' title='bbox 1598 2832 1730 2877; x_wconf 91' lang='lat' dir='ltr'>bul-</span> 
     </span>
     <span class='ocr_line' id='line_1_61' title="bbox 977 2890 1730 2939; baseline 0.008 -6"><span class='ocrx_word' id='word_1_309' title='bbox 977 2890 1117 2934; x_wconf 87' lang='lat' dir='ltr'>livit</span> <span class='ocrx_word' id='word_1_310' title='bbox 1168 2891 1271 2935; x_wconf 88' lang='lat' dir='ltr'>cod.</span> <span class='ocrx_word' id='word_1_311' title='bbox 1330 2892 1392 2938; x_wconf 87' lang='lat' dir='ltr'>ad</span> <span class='ocrx_word' id='word_1_312' title='bbox 1433 2892 1506 2937; x_wconf 90' lang='grc'><strong>50.</strong></span> <span class='ocrx_word' id='word_1_313' title='bbox 1560 2892 1730 2939; x_wconf 85' lang='lat' dir='ltr'>dimi-</span> 
     </span>
    </p>
   </div>
  </div>
 </body>
</html>
