2066 3276
176 968 579 1027 FRANOISOO
615 969 661 1022 A
689 963 1313 1020 PFAFFENHOFFEN
1352 961 1444 1015 ET
1490 959 1778 1014 GENERE

179 1062 272 1116 ΕΤ
313 1059 536 1115 OMNIS
577 1055 1037 1111 DISCIPLINAE
1086 1050 1467 1106 LIBERALIS
1510 1048 1778 1104 STUDIO

178 1150 444 1217 NOBILI,
493 1145 962 1202 LITTERARUM
1001 1139 1341 1196 PATRONO
1393 1137 1780 1194 GENEROSO

480 1237 636 1292 CHR.
680 1231 1138 1289 THEOPHILUS
1181 1229 1482 1286 SGHUOH.

296 1388 428 1443 Cum
467 1387 655 1454 Tuum,
711 1390 767 1438 ut
806 1383 928 1451 scis,
984 1381 1263 1437 consilium
1316 1384 1533 1435 secutus
1572 1377 1672 1432 sim
1713 1377 1784 1433 de

184 1478 287 1533 hoc
326 1476 538 1532 edendo
582 1475 788 1545 Apici0,
829 1473 910 1526 vir
949 1471 1269 1525 amicissime
1310 1474 1363 1523 et
1399 1467 1578 1522 multis
1616 1468 1783 1522 nomi-

186 1569 341 1623 nibus
392 1565 520 1619 mihi
578 1563 822 1630 colende,
876 1579 984 1616 non
1038 1560 1129 1613 diu
1181 1557 1520 1628 quaerendus
1558 1557 1659 1610 fuit
1699 1557 1786 1613 cui

186 1658 328 1711 hunc
379 1655 615 1709 libellum
671 1650 1102 1706 commendarem
1159 1666 1227 1702 ex
1273 1652 1457 1702 vetere
1498 1651 1552 1700 et
1588 1647 1785 1703 usitato

188 1746 506 1815 scriptorum
545 1760 691 1796 more
729 1773 803 1780 —
842 1741 919 1794 sic
958 1755 1189 1806 namque
1226 1743 1439 1792 veteres
1476 1737 1555 1790 illi
1592 1736 1788 1792 heroes

190 1834 279 1903 qui
331 1834 485 1887 nobis
536 1834 675 1887 bene
728 1829 995 1885 sentiendi
1049 1833 1101 1882 et
1153 1827 1424 1882 scribendi
1479 1827 1787 1897 exemplum

189 1924 517 1990 reliquerunt
567 1921 814 1974 solebant
865 1917 1012 1987 apud
1066 1934 1161 1971 eos
1221 1917 1410 1985 quibus
1468 1933 1566 1970 sua
1625 1933 1794 1985 opera

191 2012 472 2066 mittebant
508 2009 745 2079 praefari
770 2040 843 2047 --
871 2008 1065 2075 quique
1096 2010 1408 2076 protegeret
1439 2023 1505 2060 ac
1537 2010 1791 2074 tueretur,

194 2102 343 2156 cuius
376 2100 504 2154 item
537 2097 903 2167 amplitudine,
947 2096 1278 2163 auctoritate,
1319 2095 1608 2164 splendore
1636 2110 1795 2164 opus-

196 2191 371 2244 culum
424 2189 593 2243 maius
642 2187 1039 2256 quodammodo
1095 2190 1147 2239 et
1194 2184 1410 2252 gravius
1453 2189 1506 2238 et
1542 2184 1796 2237 illustrius

194 2278 526 2334 redderetur.
569 2277 764 2331 aderas
798 2293 1011 2345 nempe,
1054 2292 1172 2330 cum
1199 2274 1256 2327 id
1286 2273 1494 2328 consilii
1522 2280 1795 2342 caperem,

197 2367 286 2436 qui
337 2367 466 2420 mihi
517 2366 673 2420 huius
697 2371 906 2446 fauctor
944 2364 1106 2432 fuisti,
1157 2363 1284 2417 dum
1324 2363 1486 2416 etiam
1527 2379 1797 2427 commen-

195 2461 355 2524 tarer,
400 2454 593 2509 aderas
626 2471 1001 2522 nunquamque
1029 2453 1344 2520 gravabaris
1375 2469 1597 2521 operam
1633 2452 1801 2505 Tuam

197 2545 354 2600 nobis
392 2545 683 2614 impertire,
725 2560 882 2613 quem
923 2548 1048 2596 tunc
1088 2542 1143 2594 in
1184 2540 1441 2610 oppidulo
1468 2556 1800 2595 commoran-

198 2638 307 2688 tem
347 2633 416 2688 de
455 2633 633 2687 multis
674 2633 1035 2701 consulebam,
1085 2631 1279 2685 aderas
1321 2630 1481 2685 etiam
1520 2646 1597 2699 re,
1639 2630 1806 2699 plena

200 2738 363 2776 manu
388 2721 946 2791 largiebariS,-ampla
984 2721 1307 2775 liberalitate
1345 2719 1560 2788 vigilias
1593 2724 1805 2774 nostras

200 2811 635 2883 prosequebaris,
682 2811 759 2864 ita
807 2809 1200 2878 satisfaciebaS,
1250 2814 1309 2862 ut
1347 2807 1807 2878 exspectationem
1904 2811 1907 2814 '

117 2942 120 2945 Δ
203 2900 542 2970 superaveris
582 2900 777 2954 aetatis
817 2905 1035 2954 nostrae
1074 2900 1211 2953 alter
1246 2899 1554 2966 MaecenaS,
1596 2914 1720 2950 nam
1752 2902 1810 2949 ut
