2066 3276
248 222 270 271 1
283 222 314 273 6
916 221 1166 266 Praefatio.

248 357 367 422 „tio.
396 385 463 392 —-
503 354 714 406 tulimus
753 354 892 406 hunc
932 355 1207 408 nobiscum
1250 357 1315 407 ob
1356 356 1719 409 venerandam
1746 374 1834 410 ve-

247 448 526 512 „tustatem
564 460 661 511 pro
704 459 977 510 opsopoeo
1017 443 1073 494 in
1125 443 1464 496 Germaniam
1514 450 1621 497 tam
1660 445 1835 513 prodi-

249 532 433 602 „giose
475 536 790 599 corruptum,
845 536 901 582 ut
941 532 1116 584 omnia
1155 532 1452 586 instaurare
1501 533 1615 586 sine
1657 551 1834 587 0111011-

247 621 486 690 „datiore
527 619 714 673 codice
740 636 847 671 non
869 619 1007 672 foret
1045 620 1257 672 humani
1304 621 1521 688 ingenii.
1566 639 1832 690 quaprop-

248 714 360 779 „ter
401 714 452 761 et
477 707 824 776 premendum
852 709 1014 776 plane
1042 711 1343 777 censebam,
1387 710 1561 764 donec
1601 712 1836 764 melioris

249 797 504 867 „alicuius
545 797 866 875 exemplaris
905 797 1056 850 fieret
1097 798 1269 865 copia,
1326 799 1467 865 quod
1516 816 1835 867 acceperam

250 903 402 957 „esse
427 885 579 939 annis
608 885 800 940 abhinc
834 888 954 955 plus
982 888 1153 941 minus
1183 889 1569 957 quinquaginta
1599 889 1837 943 Venetiis

248 992 610 1047 „expressum
652 992 841 1028 moveo
881 976 1059 1043 itaque
1102 995 1309 1031 omnem
1359 978 1594 1049 lapidem
1642 977 1839 1030 frustra

250 1065 544 1135 „triplicem
564 1064 904 1133 trieteridem,
935 1083 1037 1133 quo
1064 1067 1282 1120 tandem
1302 1072 1542 1137 tempore
1571 1068 1663 1140 (Is.
1694 1069 1836 1121 Hon-

249 1159 426 1225 „terus
449 1153 793 1225 Coronensis)
824 1172 891 1208 ex
918 1156 1318 1209 Transsilvania
1341 1156 1470 1209 illud
1498 1156 1837 1210 venetianum

251 1244 487 1315 „accepi
513 1242 656 1311 quod
678 1243 766 1296 ubi
787 1244 1119 1312 accepissem
1133 1245 1294 1312 longe
1319 1245 1660 1314 depravatius
1680 1262 1837 1312 quam

251 1334 682 1404 „megalonense,
725 1332 896 1386 abieci
939 1350 1148 1387 omnem
1191 1334 1386 1388 edendi
1439 1351 1606 1403 spem.
1668 1335 1836 1388 ausim

252 1422 424 1493 „enim
463 1422 638 1475 iurare
680 1439 772 1475 eos
799 1423 885 1489 qui
913 1427 1134 1489 utraque
1162 1423 1252 1476 illa
1288 1424 1615 1491 exemplaria
1651 1440 1835 1476 exara-

250 1516 470 1582 „verant
508 1528 576 1565 ne
609 1511 885 1564 verbulum
911 1512 1123 1581 quidem
1163 1512 1508 1580 intellexisse,
1548 1512 1623 1565 ita
1663 1513 1839 1565 omnia

251 1600 593 1670 „simpliciter
617 1604 767 1652 erant
788 1599 1095 1654 foedissime
1119 1601 1414 1669 depravata
1435 1601 1655 1654 vocibus
1685 1617 1838 1654 cunc-

251 1690 349 1760 „tis
388 1689 570 1742 vitiate
611 1689 819 1756 scriptis
859 1707 959 1743 nec
1008 1691 1220 1757 graecis
1269 1707 1368 1743 1100
1408 1690 1586 1742 13111118
1627 1690 1840 1743 auribus

252 1778 528 1849 „cognitis,
558 1778 671 1830 sine
695 1777 934 1830 diastolis
963 1783 1014 1832 et
1041 1779 1266 1849 punctis,
1297 1780 1382 1832 vel
1408 1778 1596 1831 iisdem
1628 1779 1839 1831 omnino

251 1867 663 1939 „p1·aeposte1·iS,
707 1884 843 1934 quae
872 1868 1161 1920 sententias
1191 1872 1531 1933 commutare,
1569 1867 1840 1938 amphibo-

252 1956 458 2027 „logias
500 1956 657 2023 ciere,
699 1956 1018 2023 labyrinthio
1056 1973 1316 2025 quemque
1355 1957 1440 2009 vel
1480 1956 1842 2022 ingeniosissi-

253 2062 428 2115 „mum
453 2046 727 2098 involvere
754 2045 809 2097 in
838 2045 1084 2098 confesso
1127 2051 1220 2099 est.
1266 2045 1452 2114 quibus
1479 2045 1725 2097 monstris
1754 2044 1843 2098 de-

253 2134 453 2204 „territi
481 2134 770 2187 abiecimus
793 2139 1069 2202 utrumque
1093 2135 1334 2188 codicem
1369 2150 1466 2187 0011
1495 2133 1843 2201 deploratum.

254 2222 498 2294 „interim
538 2223 761 2275 studiosi
801 2223 1016 2292 quidam
1056 2223 1372 2291 praesertim
1419 2223 1545 2275 artis
1603 2221 1847 2276 medicae

255 2329 497 2383 „mecum
527 2313 883 2380 expostulant,
916 2329 1048 2379 quur
1076 2317 1183 2364 tam
1210 2316 1471 2365 vetustum
1501 2315 1738 2364 autorem
1768 2311 1846 2380 ip-

256 2402 360 2471 „sis
402 2402 828 2468 qualemcunque
868 2401 1260 2454 communicare
1299 2405 1408 2453 tam
1449 2401 1539 2453 diu
1587 2399 1847 2466 differam,

257 2489 645 2560 „efflagitantes
670 2490 877 2543 interea
905 2507 973 2543 ne
1003 2489 1259 2544 abderem
1293 2490 1505 2558 diutius,
1548 2489 1645 2543 sed
1673 2489 1726 2542 in
1754 2505 1849 2560 pu-

257 2579 486 2649 „blicum
523 2595 620 2647 pro
660 2595 780 2632 meo
823 2579 1057 2632 candore
1114 2580 1364 2632 emittam.
1428 2578 1653 2647 proinde
1710 2594 1850 2631 nunc

259 2668 556 2739 „edidimus
584 2667 819 2735 tandem,
859 2685 928 2722 ne
953 2669 1056 2720 situ
1081 2684 1300 2737 prorsus
1343 2671 1706 2721 emacesceret
1739 2667 1849 2735 ple-

257 2759 470 2830 „risque
499 2757 706 2812 mendis
733 2763 914 2811 nostra
940 2775 1107 2826 opera
1146 2758 1274 2810 satis
1308 2756 1665 2823 tumultuaria,
1706 2755 1850 2807 nullo

258 2865 458 2919 „saepe
486 2848 815 2915 suffragante
846 2846 1155 2917 exemplari,
1188 2845 1426 2912 sublatis,
1457 2844 1594 2898 adeo
1633 2848 1686 2895 ut
1721 2843 1852 2897 citra
