2066 3276
285 242 355 294 82
430 273 439 281 .
801 241 900 284 Lib.
924 239 1001 283 IV.
1055 238 1327 284 Pandectes.

403 374 521 427 145.
579 373 920 425 Patellam
971 373 1465 426 lucretianam:
1540 389 1702 440 cepas
1758 372 1871 439 pal-

285 447 540 501 lachanas
591 463 793 514 purgas
850 478 915 484 ——
970 446 1159 499 viridia
1213 463 1391 498 earum
1441 446 1668 513 proicies
1710 477 1780 484 -—
1820 446 1874 496 in

285 521 521 590 patinam
575 519 845 586 concides,
904 519 1203 585 liquaminis
1255 518 1537 584 modicum,
1599 519 1772 571 oleum
1824 523 1876 571 et

287 611 496 662 aquam.
541 593 665 645 dum
706 594 962 661 coquitur,
1005 594 1201 645 salsum
1243 592 1461 645 crudum
1485 593 1539 643 in
1579 592 1754 645 medio
1783 608 1874 658 po-

286 669 383 722 niS.
435 672 492 720 at
541 667 631 720 ubi
684 683 802 719 cum
852 667 993 719 salso
1045 683 1215 734 prope
1269 671 1422 718 cocta
1459 665 1631 730 fuerit,
1686 665 1876 718 mellae

290 742 534 796 cocleare
588 757 864 809 aspargeS,
920 740 1057 793 aceti
1111 745 1162 792 et
1215 739 1420 792 defricti
1476 739 1722 806 pusillum
1782 755 1875 805 gu-

289 822 417 881 staS‚
459 814 503 867 si
540 814 741 867 fatuum
779 814 988 880 exierit,
1024 814 1289 880 liquamen
1331 812 1548 879 adicieS,
1590 812 1634 864 si
1662 813 1875 878 salsum,

290 889 460 943 mellis
507 887 790 941 modicum.
847 892 899 941 et
949 904 1198 941 coronam
1250 887 1500 939 bubulam
1540 887 1786 954 aspargis
1828 890 1880 938 et

291 963 491 1018 bulliat.

407 1037 528 1090 146.
567 1034 884 1087 Patinam
926 1034 1006 1087 de
1046 1033 1326 1101 lagitis:
1367 1033 1562 1100 lagitas
1589 1032 1763 1100 rades,
1805 1033 1879 1086 la-

291 1127 402 1164 vas,
455 1126 557 1163 ova
611 1107 915 1175 confringes
956 1113 1007 1162 et
1047 1125 1165 1162 cum
1203 1107 1380 1175 lagitis
1423 1107 1732 1174 conmisceS,
1786 1107 1879 1159 ad-

290 1185 420 1239 icies
443 1184 728 1250 liquamen,
770 1183 965 1249 vinum,
1001 1183 1175 1235 oleum
1225 1181 1394 1235 facies
1421 1186 1476 1232 ut
1502 1180 1725 1234 ferveat.
1763 1197 1881 1234 cum

292 1258 560 1324 fervuerit‚
614 1273 940 1323 oenogarum
989 1256 1215 1324 simplex
1255 1255 1564 1323 perfundes.
1607 1255 1759 1325 piper
1798 1271 1878 1307 as-

294 1332 477 1402 pargis
518 1335 570 1384 et
606 1329 819 1383 inferes,

1132 1503 1294 1548 fronde
1326 1503 1603 1560 saepiusque
1645 1507 1880 1547 resecatur

295 1513 343 1555 et
372 1511 671 1565 τραγορίγανος
712 1519 784 1562 ap.
819 1504 932 1549 Plin.
968 1506 1039 1556 20,

1131 1568 1181 1607 ut
1199 1576 1398 1618 porrum,
1431 1563 1546 1606 Plin.
1568 1563 1636 1613 19,
1660 1562 1757 1605 105.
1780 1563 1882 1607 107.

297 1569 396 1613 170.
445 1568 599 1611 Diosc.
648 1568 690 1617 3,
722 1567 790 1610 32.
843 1577 960 1621 quae
1002 1564 1041 1608 si

294 1639 405 1673 vera
435 1630 555 1677 sunt,
591 1625 749 1670 Nostri
781 1624 942 1679 planta
962 1622 1040 1666 ha·

293 1686 445 1732 benda
477 1690 550 1729 est
583 1684 776 1739 ὀρίγανος
798 1683 919 1738 ἇγρίσ
952 1683 1040 1726 Eu-

291 1746 400 1790 meli
430 1745 476 1788 in
498 1744 724 1799 Hippiatr.
760 1756 804 1798 p.
825 1743 924 1785 202.
959 1754 1041 1785 seu

291 1804 509 1863 thymbra
545 1802 731 1856 θύμβρα,
764 1814 900 1858 quam
934 1801 1042 1856 quia

293 1864 407 1909 cibis
440 1862 810 1917 adspergebatur
856 1863 1040 1915 θυμβρε-

292 1921 516 1964 πίὸειπνον
555 1921 668 1964 dicit
700 1919 1040 1974 Aristophanes

292 1982 410 2027 Nub.
442 1981 542 2024 420.
591 1980 794 2023 satureia
826 1978 1043 2035 thymbra

291 2044 342 2086 L.
388 2052 574 2098 grosser
630 2043 833 2095 saturey.
878 2037 1042 2081 aechte

291 2100 519 2158 thymbra.

381 2159 442 2202 ad
479 2157 574 2201 145.
612 2155 850 2200 Lucretius
885 2154 957 2198 cui
985 2167 1041 2198 ea

291 2219 452 2275 patina
493 2218 539 2260 in
580 2228 665 2259 usu
698 2219 798 2258 erat
830 2213 1039 2258 Ciceroni

292 2283 364 2322 est
414 2275 635 2332 aequalis.
688 2273 1038 2329 pallacanas

291 2337 438 2381 minus
471 2336 587 2379 bene
620 2334 665 2376 in
697 2332 878 2387 aliquot
910 2331 1038 2375 libris

291 2401 338 2441 et
379 2395 480 2439 409.
525 2397 632 2438 sunt
679 2392 798 2436 enim
847 2403 1036 2446 quarum

292 2455 419 2511 palla
451 2467 532 2498 seu
564 2452 723 2495 tunica
743 2449 855 2500 hiat,
885 2453 1038 2504 χαίνει,

287 2513 429 2568 χαύνη
472 2517 559 2563 est,
599 2524 692 2554 non
733 2507 903 2563 α’χανὴς.
948 2509 1037 2552 He-

290 2572 416 2630 syeh.
462 2569 750 2624 παλλάχανον·
800 2567 1040 2623 κρόμμυον,

290 2644 346 2676 ea
379 2642 507 2686 cepa,
542 2629 825 2673 Graecorum
862 2626 1043 2681 γήθυον,

289 2690 470 2747 γήτειον,
501 2701 593 2732 non
615 2691 687 2731 est
714 2685 934 2741 capitata,
971 2697 1043 2728 ca—

289 2756 376 2806 put
402 2762 495 2793 non
515 2745 773 2796 crassescit,
805 2756 950 2800 paene
973 2749 1044 2788 est

250 2815 260 2825 ’
290 2810 387 2853 sine
421 2807 588 2864 capite,
633 2803 822 2849 cervicis
863 2808 1041 2847 tantum

290 2869 461 2925 longae
521 2870 568 2911 et
623 2864 730 2908 ideo
792 2867 944 2907 totum
997 2863 1041 2906 in

1132 1622 1314 1666 videtur
1365 1627 1413 1666 et
1454 1621 1563 1665 mihi
1608 1621 1698 1664 dici
1740 1634 1882 1677 posse

1131 1681 1288 1724 allium
1330 1677 1473 1725 fissile
1518 1693 1731 1736 perenne.
1772 1706 1823 1709 --—
1858 1694 1883 1724 e

1132 1740 1341 1783 codicum
1389 1739 1565 1784 melle
1612 1753 1696 1794 pro
1744 1739 1877 1782 Hum.

1131 1799 1327 1843 mellis
1360 1799 1521 1842 reduxi
1553 1799 1700 1841 minus
1718 1803 1879 1841 notam

1134 1872 1295 1902 vocem
1329 1872 1384 1902 ex
1418 1858 1592 1902 Colum.
1631 1859 1699 1908 12,
1732 1857 1805 1906 49,
1838 1859 1879 1901 3.

1138 1919 1204 1968 12,
1241 1919 1309 1968 ll,
1342 1920 1381 1960 2.
1426 1916 1608 1970 ἆπὸμελι
1651 1917 1805 1959 DiOSC.
1840 1916 1881 1967 5,

1136 1977 1203 2022 17.
1223 1976 1398 2020 mulsae
1417 1988 1565 2032 aquae
1583 1988 1741 2031 genus.
1771 1975 1881 2018 mel-

1132 2035 1299 2079 lacium
1342 2041 1551 2090 tempore
1590 2035 1726 2078 Nonii
1768 2035 1883 2077 Mar-

1133 2095 1235 2138 celli
1255 2108 1298 2150 p.
1319 2095 1418 2138 379.
1438 2107 1478 2137 a.
1499 2094 1741 2137 dicebatur
1759 2092 1884 2149 quod

1132 2158 1272 2197 antea
1303 2165 1429 2209 sapa.
1454 2178 1504 2182 —
1525 2151 1776 2204 defreti,
1796 2152 1884 2196 de-

1130 2211 1319 2256 frethi
1363 2211 1498 2256 codd.
1545 2210 1776 2255 defruti
1810 2210 1882 2255 ed.

1129 2285 1194 2326 pr.
1231 2272 1299 2314 67.
1335 2297 1389 2303 —
1424 2270 1648 2315 exierit
1692 2270 1882 2314 exstite-

1128 2332 1202 2381 rit,
1237 2330 1452 2381 evaserit,
1487 2328 1544 2374 cf.
1562 2329 1802 2384 Wopkens
1821 2328 1882 2371 ad

1128 2389 1295 2446 Hygin.
1330 2388 1423 2433 fab.
1456 2388 1532 2432 84.
1558 2402 1601 2443 p.
1634 2389 1724 2430 161.
1762 2401 1878 2431 corr.

1128 2462 1212 2503 pro
1246 2447 1440 2499 fuerit,
1474 2446 1744 2499 effuerit,
1789 2460 1886 2490 ex-

1128 2507 1300 2552 uerit.
1349 2507 1496 2563 magis
1543 2506 1729 2562 placeat
1779 2505 1885 2549 aliis

1134 2567 1191 2609 in
1250 2565 1350 2610 fat.
1421 2566 1671 2610 exierit.
1723 2590 1775 2596 -
1825 2568 1886 2608 ut

1135 2625 1274 2670 bull.
1310 2625 1444 2669 codd.

1223 2684 1285 2728 ad
1321 2684 1415 2727 146.
1471 2684 1604 2728 deest
1634 2682 1680 2725 in
1713 2680 1783 2726 ed.
1816 2693 1882 2736 pr.

1145 2769 1188 2774 --
1238 2743 1466 2799 lagitis‚
1513 2740 1760 2798 lagatis.
1804 2739 1883 2784 le-

1135 2803 1314 2858 gatis,
1348 2801 1562 2858 ligatis
1595 2799 1683 2843 cod
1716 2798 1882 2843 141.-ἢ

1116 2861 1298 2919 supple
1332 2861 1560 2917 quaedam
1595 2872 1651 2903 ex
1687 2859 1785 2906 140,
