<?xml version="1.0" encoding="UTF-8"?>
<!DOCTYPE html PUBLIC "-//W3C//DTD XHTML 1.0 Transitional//EN"
    "http://www.w3.org/TR/xhtml1/DTD/xhtml1-transitional.dtd">
<html xmlns="http://www.w3.org/1999/xhtml" xml:lang="en" lang="en">
 <head>
  <title>
</title>
<meta http-equiv="Content-Type" content="text/html;charset=utf-8" />
  <meta name='ocr-system' content='tesseract 3.04.00' />
  <meta name='ocr-capabilities' content='ocr_page ocr_carea ocr_par ocr_line ocrx_word'/>
</head>
<body>
  <div class='ocr_page' id='page_1' title='image "./derecoquinarilib00apicrich_0192.png"; bbox 0 0 2066 3276; ppageno 0'>
   <div class='ocr_carea' id='block_1_1' title="bbox 282 236 385 290">
    <p class='ocr_par' dir='ltr' id='par_1_1' title="bbox 282 236 385 290">
     <span class='ocr_line' id='line_1_1' title="bbox 282 236 385 290; baseline -0.01 0"><span class='ocrx_word' id='word_1_1' title='bbox 282 236 385 290; x_wconf 87' lang='grc'><strong>188</strong></span> 
     </span>
    </p>
   </div>
   <div class='ocr_carea' id='block_1_2' title="bbox 844 232 1307 278">
    <p class='ocr_par' dir='ltr' id='par_1_2' title="bbox 844 232 1307 278">
     <span class='ocr_line' id='line_1_2' title="bbox 844 232 1307 278; baseline 0 0"><span class='ocrx_word' id='word_1_2' title='bbox 844 233 941 278; x_wconf 89' lang='lat' dir='ltr'><strong>Lib.</strong></span> <span class='ocrx_word' id='word_1_3' title='bbox 976 233 1054 278; x_wconf 91' lang='lat' dir='ltr'><strong>lX.</strong></span> <span class='ocrx_word' id='word_1_4' title='bbox 1099 232 1307 278; x_wconf 85' lang='lat' dir='ltr'><strong>Talassa.</strong></span> 
     </span>
    </p>
   </div>
   <div class='ocr_carea' id='block_1_3' title="bbox 276 365 1866 439">
    <p class='ocr_par' dir='ltr' id='par_1_3' title="bbox 276 365 1866 439">
     <span class='ocr_line' id='line_1_3' title="bbox 276 365 1866 439; baseline 0 -19"><span class='ocrx_word' id='word_1_5' title='bbox 276 368 459 435; x_wconf 85' lang='lat' dir='ltr'><strong>tegula</strong></span> <span class='ocrx_word' id='word_1_6' title='bbox 507 368 711 439; x_wconf 82' lang='lat' dir='ltr'><strong>positos</strong></span> <span class='ocrx_word' id='word_1_7' title='bbox 763 367 938 422; x_wconf 89' lang='lat' dir='ltr'><strong>mittes</strong></span> <span class='ocrx_word' id='word_1_8' title='bbox 988 366 1042 420; x_wconf 89' lang='lat' dir='ltr'><strong>in</strong></span> <span class='ocrx_word' id='word_1_9' title='bbox 1069 366 1294 434; x_wconf 86' lang='lat' dir='ltr'><strong>furnum,</strong></span> <span class='ocrx_word' id='word_1_10' title='bbox 1347 371 1438 420; x_wconf 86' lang='lat' dir='ltr'><strong>aut</strong></span> <span class='ocrx_word' id='word_1_11' title='bbox 1475 365 1652 420; x_wconf 83' lang='lat' dir='ltr'><strong>farsos</strong></span> <span class='ocrx_word' id='word_1_12' title='bbox 1684 366 1739 420; x_wconf 91' lang='lat' dir='ltr'><strong>in</strong></span> <span class='ocrx_word' id='word_1_13' title='bbox 1779 367 1866 420; x_wconf 89' lang='lat' dir='ltr'><strong>cli-</strong></span> 
     </span>
    </p>
   </div>
   <div class='ocr_carea' id='block_1_4' title="bbox 278 443 674 512">
    <p class='ocr_par' dir='ltr' id='par_1_4' title="bbox 278 443 674 512">
     <span class='ocr_line' id='line_1_4' title="bbox 278 443 674 512; baseline 0.005 -17"><span class='ocrx_word' id='word_1_14' title='bbox 278 443 418 495; x_wconf 90' lang='lat' dir='ltr'><strong>bano</strong></span> <span class='ocrx_word' id='word_1_15' title='bbox 461 458 674 512; x_wconf 78' lang='lat' dir='ltr'>coques.</span> 
     </span>
    </p>
   </div>
   <div class='ocr_carea' id='block_1_5' title="bbox 526 588 1617 744">
    <p class='ocr_par' dir='ltr' id='par_1_5' title="bbox 526 588 1617 744">
     <span class='ocr_line' id='line_1_5' title="bbox 526 588 1617 658; baseline -0.003 -15"><span class='ocrx_word' id='word_1_16' title='bbox 526 589 795 658; x_wconf 82' lang='lat' dir='ltr'><strong>Incipit</strong></span> <span class='ocrx_word' id='word_1_17' title='bbox 831 588 1032 658; x_wconf 80' lang='lat' dir='ltr'><strong>Apici</strong></span> <span class='ocrx_word' id='word_1_18' title='bbox 1074 588 1272 641; x_wconf 83' lang='lat' dir='ltr'><strong>Caeli</strong></span> <span class='ocrx_word' id='word_1_19' title='bbox 1313 588 1617 642; x_wconf 70' lang='lat' dir='ltr'><strong>t‘alassa.</strong></span> 
     </span>
     <span class='ocr_line' id='line_1_6' title="bbox 934 692 1204 744; baseline 0 0"><span class='ocrx_word' id='word_1_20' title='bbox 934 693 1065 744; x_wconf 91' lang='lat' dir='ltr'><strong>LIB.</strong></span> <span class='ocrx_word' id='word_1_21' title='bbox 1108 692 1204 744; x_wconf 91' lang='lat' dir='ltr'><strong>IX.</strong></span> 
     </span>
    </p>
   </div>
   <div class='ocr_carea' id='block_1_6' title="bbox 277 793 1873 1085">
    <p class='ocr_par' dir='ltr' id='par_1_6' title="bbox 277 793 1873 1085">
     <span class='ocr_line' id='line_1_7' title="bbox 389 793 1870 864; baseline -0.001 -16"><span class='ocrx_word' id='word_1_22' title='bbox 389 797 514 849; x_wconf 86' lang='grc'><strong>409.</strong></span> <span class='ocrx_word' id='word_1_23' title='bbox 554 796 668 847; x_wconf 89' lang='lat' dir='ltr'><strong>Ius</strong></span> <span class='ocrx_word' id='word_1_24' title='bbox 698 794 767 847; x_wconf 92' lang='lat' dir='ltr'><strong>in</strong></span> <span class='ocrx_word' id='word_1_25' title='bbox 799 795 1079 848; x_wconf 86' lang='lat' dir='ltr'><strong>locusta</strong></span> <span class='ocrx_word' id='word_1_26' title='bbox 1113 798 1178 847; x_wconf 89' lang='lat' dir='ltr'><strong>et</strong></span> <span class='ocrx_word' id='word_1_27' title='bbox 1212 794 1505 864; x_wconf 89' lang='lat' dir='ltr'><strong>cappari</strong></span> <span class='ocrx_word' id='word_1_28' title='bbox 1549 793 1755 846; x_wconf 87' lang='lat' dir='ltr'><strong>:indura</strong></span> <span class='ocrx_word' id='word_1_29' title='bbox 1786 810 1870 847; x_wconf 88' lang='lat' dir='ltr'><strong>ce-</strong></span> 
     </span>
     <span class='ocr_line' id='line_1_8' title="bbox 277 867 1870 939; baseline -0.003 -16"><span class='ocrx_word' id='word_1_30' title='bbox 277 887 402 939; x_wconf 86' lang='lat' dir='ltr'><strong>pam</strong></span> <span class='ocrx_word' id='word_1_31' title='bbox 434 868 810 938; x_wconf 83' lang='lat' dir='ltr'><strong>pallachanam</strong></span> <span class='ocrx_word' id='word_1_32' title='bbox 844 868 1112 922; x_wconf 78' lang='lat' dir='ltr'><strong>concisam</strong></span> <span class='ocrx_word' id='word_1_33' title='bbox 1146 872 1199 920; x_wconf 91' lang='lat' dir='ltr'><strong>et</strong></span> <span class='ocrx_word' id='word_1_34' title='bbox 1225 867 1335 921; x_wconf 88' lang='lat' dir='ltr'><strong>ius:</strong></span> <span class='ocrx_word' id='word_1_35' title='bbox 1365 874 1540 938; x_wconf 84' lang='lat' dir='ltr'><strong>piper,</strong></span> <span class='ocrx_word' id='word_1_36' title='bbox 1569 867 1870 935; x_wconf 82' lang='lat' dir='ltr'><strong>ligisticum,</strong></span> 
     </span>
     <span class='ocr_line' id='line_1_9' title="bbox 279 942 1871 1011; baseline -0.003 -14"><span class='ocrx_word' id='word_1_37' title='bbox 279 960 511 1011; x_wconf 86' lang='lat' dir='ltr'><strong>careum,</strong></span> <span class='ocrx_word' id='word_1_38' title='bbox 566 943 828 1008; x_wconf 83' lang='lat' dir='ltr'><strong>ciminum,</strong></span> <span class='ocrx_word' id='word_1_39' title='bbox 888 942 1159 1008; x_wconf 85' lang='lat' dir='ltr'><strong>cariotam‚</strong></span> <span class='ocrx_word' id='word_1_40' title='bbox 1213 942 1335 1010; x_wconf 87' lang='lat' dir='ltr'><strong>mel,</strong></span> <span class='ocrx_word' id='word_1_41' title='bbox 1396 947 1623 1008; x_wconf 87' lang='lat' dir='ltr'><strong>acetum,</strong></span> <span class='ocrx_word' id='word_1_42' title='bbox 1678 942 1871 1010; x_wconf 70' lang='lat' dir='ltr'><strong>vinum,</strong></span> 
     </span>
     <span class='ocr_line' id='line_1_10' title="bbox 278 1015 1873 1085; baseline -0.001 -14"><span class='ocrx_word' id='word_1_43' title='bbox 278 1018 564 1084; x_wconf 82' lang='lat' dir='ltr'><strong>liquamen,</strong></span> <span class='ocrx_word' id='word_1_44' title='bbox 618 1018 809 1083; x_wconf 84' lang='lat' dir='ltr'><strong>oleum,</strong></span> <span class='ocrx_word' id='word_1_45' title='bbox 865 1016 1158 1070; x_wconf 81' lang='lat' dir='ltr'><strong>defrictum.</strong></span> <span class='ocrx_word' id='word_1_46' title='bbox 1213 1016 1361 1070; x_wconf 89' lang='lat' dir='ltr'><strong>ocius</strong></span> <span class='ocrx_word' id='word_1_47' title='bbox 1420 1015 1617 1070; x_wconf 91' lang='lat' dir='ltr'><strong>adicito</strong></span> <span class='ocrx_word' id='word_1_48' title='bbox 1670 1032 1873 1085; x_wconf 84' lang='lat' dir='ltr'><strong>senape</strong></span> 
     </span>
    </p>
   </div>
   <div class='ocr_carea' id='block_1_7' title="bbox 277 1091 605 1146">
    <p class='ocr_par' dir='ltr' id='par_1_7' title="bbox 277 1091 605 1146">
     <span class='ocr_line' id='line_1_11' title="bbox 277 1091 605 1146; baseline -0.003 -2"><span class='ocrx_word' id='word_1_49' title='bbox 277 1091 333 1145; x_wconf 92' lang='lat' dir='ltr'><strong>in</strong></span> <span class='ocrx_word' id='word_1_50' title='bbox 373 1091 605 1146; x_wconf 82' lang='lat' dir='ltr'><strong>elixuris,</strong></span> 
     </span>
    </p>
   </div>
   <div class='ocr_carea' id='block_1_8' title="bbox 279 1222 1037 2936">
    <p class='ocr_par' dir='ltr' id='par_1_8' title="bbox 279 1222 1035 1932">
     <span class='ocr_line' id='line_1_12' title="bbox 279 1222 1029 1280; baseline -0.004 -15"><span class='ocrx_word' id='word_1_51' title='bbox 279 1225 326 1269; x_wconf 83' lang='lat' dir='ltr'><strong>la</strong></span> <span class='ocrx_word' id='word_1_52' title='bbox 380 1223 564 1280; x_wconf 80' lang='grc' dir='ltr'><em>τήγανον</em></span> <span class='ocrx_word' id='word_1_53' title='bbox 620 1236 703 1268; x_wconf 81' lang='lat' dir='ltr'><strong>seu</strong></span> <span class='ocrx_word' id='word_1_54' title='bbox 748 1222 933 1279; x_wconf 79' lang='grc' dir='ltr'><em>τάγηνον</em></span> <span class='ocrx_word' id='word_1_55' title='bbox 980 1226 1029 1267; x_wconf 77' lang='lat' dir='ltr'><strong>et</strong></span> 
     </span>
     <span class='ocr_line' id='line_1_13' title="bbox 281 1281 1030 1341; baseline -0.007 -12"><span class='ocrx_word' id='word_1_56' title='bbox 281 1296 401 1341; x_wconf 88' lang='lat' dir='ltr'><strong>quac</strong></span> <span class='ocrx_word' id='word_1_57' title='bbox 447 1297 587 1340; x_wconf 90' lang='lat' dir='ltr'><strong>super</strong></span> <span class='ocrx_word' id='word_1_58' title='bbox 634 1296 689 1328; x_wconf 87' lang='lat' dir='ltr'><strong>ea</strong></span> <span class='ocrx_word' id='word_1_59' title='bbox 743 1281 863 1326; x_wconf 89' lang='lat' dir='ltr'><strong>frixa</strong></span> <span class='ocrx_word' id='word_1_60' title='bbox 920 1286 1030 1326; x_wconf 84' lang='lat' dir='ltr'><strong>sunt</strong></span> 
     </span>
     <span class='ocr_line' id='line_1_14' title="bbox 280 1346 1029 1415; baseline 0 -32"><span class='ocrx_word' id='word_1_61' title='bbox 280 1359 329 1383; x_wconf 84' lang='grc' dir='ltr'><strong>τα</strong></span> <span class='ocrx_word' id='word_1_62' title='bbox 378 1360 521 1399; x_wconf 82' lang='grc' dir='ltr'><em>τηγανι</em></span> <span class='ocrx_word' id='word_1_63' title='bbox 509 1359 597 1383; x_wconf 73' lang='grc' dir='ltr'>ιστα</span> <span class='ocrx_word' id='word_1_64' title='bbox 645 1346 693 1387; x_wconf 81' lang='lat' dir='ltr'><strong>et</strong></span> <span class='ocrx_word' id='word_1_65' title='bbox 734 1355 860 1415; x_wconf 80' lang='lat' dir='ltr'><strong>seqq.</strong></span> <span class='ocrx_word' id='word_1_66' title='bbox 912 1353 1029 1396; x_wconf 76' lang='lat' dir='ltr'><strong>quae</strong></span> 
     </span>
     <span class='ocr_line' id='line_1_15' title="bbox 280 1398 1031 1458; baseline -0.001 -12"><span class='ocrx_word' id='word_1_67' title='bbox 280 1404 347 1447; x_wconf 87' lang='lat' dir='ltr'><strong>sie</strong></span> <span class='ocrx_word' id='word_1_68' title='bbox 394 1406 692 1458; x_wconf 87' lang='lat' dir='ltr'><strong>apponuntur</strong></span> <span class='ocrx_word' id='word_1_69' title='bbox 724 1399 812 1441; x_wconf 77' lang='grc' dir='ltr'><strong>ἆπὸ</strong></span> <span class='ocrx_word' id='word_1_70' title='bbox 857 1414 939 1444; x_wconf 89' lang='lat' dir='ltr'><strong>seu</strong></span> <span class='ocrx_word' id='word_1_71' title='bbox 986 1398 1031 1439; x_wconf 79' lang='grc' dir='ltr'><strong>ἑκ</strong></span> 
     </span>
     <span class='ocr_line' id='line_1_16' title="bbox 281 1458 1031 1517; baseline 0.001 -16"><span class='ocrx_word' id='word_1_72' title='bbox 281 1461 465 1517; x_wconf 68' lang='grc' dir='ltr'><em>ταγήνου</em></span> <span class='ocrx_word' id='word_1_73' title='bbox 481 1461 798 1510; x_wconf 86' lang='lat' dir='ltr'><strong>comeduntur,</strong></span> <span class='ocrx_word' id='word_1_74' title='bbox 819 1458 1031 1514; x_wconf 86' lang='lat' dir='ltr'><strong>Alciphr.</strong></span> 
     </span>
     <span class='ocr_line' id='line_1_17' title="bbox 281 1517 1031 1577; baseline -0.005 -12"><span class='ocrx_word' id='word_1_75' title='bbox 281 1536 324 1577; x_wconf 88' lang='lat' dir='ltr'><strong>p.</strong></span> <span class='ocrx_word' id='word_1_76' title='bbox 373 1521 445 1572; x_wconf 88' lang='lat'><strong>81,</strong></span> <span class='ocrx_word' id='word_1_77' title='bbox 476 1521 545 1565; x_wconf 87' lang='lat'><strong>10.</strong></span> <span class='ocrx_word' id='word_1_78' title='bbox 582 1520 654 1565; x_wconf 87' lang='lat' dir='ltr'><strong>ed.</strong></span> <span class='ocrx_word' id='word_1_79' title='bbox 692 1519 827 1564; x_wconf 86' lang='lat' dir='ltr'><strong>Mein.</strong></span> <span class='ocrx_word' id='word_1_80' title='bbox 856 1517 1031 1563; x_wconf 81' lang='lat' dir='ltr'><strong>Athen.</strong></span> 
     </span>
     <span class='ocr_line' id='line_1_18' title="bbox 282 1575 1031 1631; baseline -0.004 -8"><span class='ocrx_word' id='word_1_81' title='bbox 282 1580 425 1631; x_wconf 96' lang='grc'><strong>6,14</strong></span> <span class='ocrx_word' id='word_1_82' title='bbox 459 1581 502 1631; x_wconf 88' lang='lat'><strong>3,</strong></span> <span class='ocrx_word' id='word_1_83' title='bbox 537 1580 604 1623; x_wconf 95' lang='lat'><strong>74.</strong></span> <span class='ocrx_word' id='word_1_84' title='bbox 639 1575 714 1623; x_wconf 89' lang='lat' dir='ltr'><strong>fin.</strong></span> <span class='ocrx_word' id='word_1_85' title='bbox 752 1592 853 1622; x_wconf 90' lang='lat' dir='ltr'><strong>cum</strong></span> <span class='ocrx_word' id='word_1_86' title='bbox 883 1576 1031 1622; x_wconf 83' lang='lat' dir='ltr'><strong>Schw.</strong></span> 
     </span>
     <span class='ocr_line' id='line_1_19' title="bbox 281 1638 1032 1683; baseline -0.005 0"><span class='ocrx_word' id='word_1_87' title='bbox 281 1652 366 1683; x_wconf 91' lang='lat' dir='ltr'><strong>nos</strong></span> <span class='ocrx_word' id='word_1_88' title='bbox 398 1639 460 1683; x_wconf 89' lang='lat' dir='ltr'><strong>ad</strong></span> <span class='ocrx_word' id='word_1_89' title='bbox 490 1638 591 1683; x_wconf 85' lang='grc'><strong>417.</strong></span> <span class='ocrx_word' id='word_1_90' title='bbox 638 1638 730 1683; x_wconf 89' lang='lat' dir='ltr'><strong>cibi</strong></span> <span class='ocrx_word' id='word_1_91' title='bbox 765 1641 928 1682; x_wconf 87' lang='lat' dir='ltr'><strong>contra</strong></span> <span class='ocrx_word' id='word_1_92' title='bbox 959 1650 1032 1680; x_wconf 89' lang='lat' dir='ltr'><strong>su-</strong></span> 
     </span>
     <span class='ocr_line' id='line_1_20' title="bbox 280 1694 1034 1755; baseline 0 -13"><span class='ocrx_word' id='word_1_93' title='bbox 280 1711 366 1755; x_wconf 86' lang='lat' dir='ltr'><strong>pra</strong></span> <span class='ocrx_word' id='word_1_94' title='bbox 398 1711 549 1755; x_wconf 86' lang='lat' dir='ltr'><strong>pruna</strong></span> <span class='ocrx_word' id='word_1_95' title='bbox 573 1698 701 1748; x_wconf 87' lang='lat' dir='ltr'><strong>tosti,</strong></span> <span class='ocrx_word' id='word_1_96' title='bbox 725 1696 905 1752; x_wconf 77' lang='grc' dir='ltr'><em>ἀνθρακι</em></span> <span class='ocrx_word' id='word_1_97' title='bbox 912 1713 941 1745; x_wconf 79' lang='grc' dir='ltr'><strong>ς,</strong></span> <span class='ocrx_word' id='word_1_98' title='bbox 970 1694 1034 1750; x_wconf 76' lang='grc' dir='ltr'><strong>ἔγ-</strong></span> 
     </span>
     <span class='ocr_line' id='line_1_21' title="bbox 282 1755 1035 1814; baseline 0.001 -17"><span class='ocrx_word' id='word_1_99' title='bbox 282 1762 465 1813; x_wconf 78' lang='grc' dir='ltr'>κρυφίαι,</span> <span class='ocrx_word' id='word_1_100' title='bbox 508 1756 802 1814; x_wconf 86' lang='lat' dir='ltr'><strong>encryphiae‚</strong></span> <span class='ocrx_word' id='word_1_101' title='bbox 846 1755 904 1799; x_wconf 91' lang='lat' dir='ltr'><strong>de</strong></span> <span class='ocrx_word' id='word_1_102' title='bbox 937 1755 1035 1811; x_wconf 90' lang='lat' dir='ltr'><strong>qui-</strong></span> 
     </span>
     <span class='ocr_line' id='line_1_22' title="bbox 280 1814 1034 1870; baseline -0.007 -9"><span class='ocrx_word' id='word_1_103' title='bbox 280 1816 367 1861; x_wconf 89' lang='lat' dir='ltr'><strong>bus</strong></span> <span class='ocrx_word' id='word_1_104' title='bbox 401 1816 617 1862; x_wconf 87' lang='lat' dir='ltr'><strong>Heinrich</strong></span> <span class='ocrx_word' id='word_1_105' title='bbox 659 1817 720 1860; x_wconf 86' lang='lat' dir='ltr'><strong>ad</strong></span> <span class='ocrx_word' id='word_1_106' title='bbox 751 1814 955 1860; x_wconf 87' lang='lat' dir='ltr'><strong>Iuvenal.</strong></span> <span class='ocrx_word' id='word_1_107' title='bbox 990 1828 1034 1870; x_wconf 92' lang='lat' dir='ltr'><strong>p.</strong></span> 
     </span>
     <span class='ocr_line' id='line_1_23' title="bbox 284 1874 1035 1932; baseline -0.001 -13"><span class='ocrx_word' id='word_1_108' title='bbox 284 1877 382 1928; x_wconf 89' lang='lat'>161,</span> <span class='ocrx_word' id='word_1_109' title='bbox 393 1875 467 1916; x_wconf 73' lang='grc' dir='ltr'><strong>ἀπ’</strong></span> <span class='ocrx_word' id='word_1_110' title='bbox 480 1875 710 1932; x_wconf 68' lang='grc' dir='ltr'><strong>ἀνθράκων</strong></span> <span class='ocrx_word' id='word_1_111' title='bbox 723 1875 921 1919; x_wconf 87' lang='lat' dir='ltr'><strong>eduntur</strong></span> <span class='ocrx_word' id='word_1_112' title='bbox 936 1874 1035 1918; x_wconf 91' lang='grc'><strong>129.</strong></span> 
     </span>
    </p>

    <p class='ocr_par' dir='ltr' id='par_1_9' title="bbox 282 1933 1037 2216">
     <span class='ocr_line' id='line_1_24' title="bbox 369 1933 1037 1979; baseline -0.006 0"><span class='ocrx_word' id='word_1_113' title='bbox 369 1934 463 1978; x_wconf 91' lang='lat' dir='ltr'><strong>Ad</strong></span> <span class='ocrx_word' id='word_1_114' title='bbox 494 1935 623 1979; x_wconf 81' lang='lat' dir='ltr'><strong>libr.</strong></span> <span class='ocrx_word' id='word_1_115' title='bbox 646 1935 736 1978; x_wconf 89' lang='lat' dir='ltr'><strong>IX.</strong></span> <span class='ocrx_word' id='word_1_116' title='bbox 772 1933 1037 1978; x_wconf 84' lang='lat' dir='ltr'><strong>inscribitur</strong></span> 
     </span>
     <span class='ocr_line' id='line_1_25' title="bbox 284 1992 1037 2051; baseline -0.005 -12"><span class='ocrx_word' id='word_1_117' title='bbox 284 1993 471 2034; x_wconf 73' lang='grc' dir='ltr'><em>θάλασσα</em></span> <span class='ocrx_word' id='word_1_118' title='bbox 504 1994 631 2051; x_wconf 90' lang='lat' dir='ltr'><strong>quod</strong></span> <span class='ocrx_word' id='word_1_119' title='bbox 662 1994 707 2038; x_wconf 91' lang='lat' dir='ltr'><strong>in</strong></span> <span class='ocrx_word' id='word_1_120' title='bbox 740 2007 796 2038; x_wconf 89' lang='lat' dir='ltr'><strong>eo</strong></span> <span class='ocrx_word' id='word_1_121' title='bbox 844 1992 902 2037; x_wconf 90' lang='lat' dir='ltr'><strong>de</strong></span> <span class='ocrx_word' id='word_1_122' title='bbox 945 1992 1037 2048; x_wconf 90' lang='lat' dir='ltr'><strong>pis-</strong></span> 
     </span>
     <span class='ocr_line' id='line_1_26' title="bbox 282 2052 1036 2098; baseline -0.005 0"><span class='ocrx_word' id='word_1_123' title='bbox 282 2053 411 2098; x_wconf 82' lang='lat' dir='ltr'><strong>cibus</strong></span> <span class='ocrx_word' id='word_1_124' title='bbox 444 2054 631 2098; x_wconf 89' lang='lat' dir='ltr'><strong>marinis</strong></span> <span class='ocrx_word' id='word_1_125' title='bbox 674 2057 722 2098; x_wconf 89' lang='lat' dir='ltr'><strong>et</strong></span> <span class='ocrx_word' id='word_1_126' title='bbox 753 2052 887 2097; x_wconf 85' lang='lat' dir='ltr'><strong>salsis</strong></span> <span class='ocrx_word' id='word_1_127' title='bbox 930 2064 1036 2096; x_wconf 88' lang='lat' dir='ltr'><strong>con-</strong></span> 
     </span>
     <span class='ocr_line' id='line_1_27' title="bbox 283 2111 1035 2167; baseline -0.004 -11"><span class='ocrx_word' id='word_1_128' title='bbox 283 2113 498 2157; x_wconf 85' lang='lat' dir='ltr'><strong>dimentis</strong></span> <span class='ocrx_word' id='word_1_129' title='bbox 576 2117 624 2157; x_wconf 89' lang='lat' dir='ltr'><strong>et</strong></span> <span class='ocrx_word' id='word_1_130' title='bbox 699 2111 1035 2167; x_wconf 83' lang='lat' dir='ltr'><strong>praeparandis</strong></span> 
     </span>
     <span class='ocr_line' id='line_1_28' title="bbox 282 2172 803 2216; baseline -0.006 0"><span class='ocrx_word' id='word_1_131' title='bbox 282 2172 497 2216; x_wconf 89' lang='lat' dir='ltr'><strong>doctrina</strong></span> <span class='ocrx_word' id='word_1_132' title='bbox 529 2172 803 2216; x_wconf 85' lang='lat' dir='ltr'><strong>continetur.</strong></span> 
     </span>
    </p>

    <p class='ocr_par' dir='ltr' id='par_1_10' title="bbox 281 2229 1037 2936">
     <span class='ocr_line' id='line_1_29' title="bbox 371 2229 1031 2280; baseline -0.003 -6"><span class='ocrx_word' id='word_1_133' title='bbox 371 2230 432 2274; x_wconf 88' lang='lat' dir='ltr'><strong>ad</strong></span> <span class='ocrx_word' id='word_1_134' title='bbox 464 2230 564 2274; x_wconf 85' lang='lat'><strong>409.</strong></span> <span class='ocrx_word' id='word_1_135' title='bbox 613 2231 683 2275; x_wconf 88' lang='lat' dir='ltr'><strong>ius</strong></span> <span class='ocrx_word' id='word_1_136' title='bbox 723 2229 832 2274; x_wconf 88' lang='lat' dir='ltr'><strong>add.</strong></span> <span class='ocrx_word' id='word_1_137' title='bbox 866 2242 922 2273; x_wconf 90' lang='lat' dir='ltr'><strong>ex</strong></span> <span class='ocrx_word' id='word_1_138' title='bbox 953 2232 1031 2280; x_wconf 80' lang='grc' dir='ltr'><strong>βπ.</strong></span> 
     </span>
     <span class='ocr_line' id='line_1_30' title="bbox 283 2290 1034 2338; baseline -0.005 -4"><span class='ocrx_word' id='word_1_139' title='bbox 283 2316 336 2322; x_wconf 90' lang='grc'>-</span> <span class='ocrx_word' id='word_1_140' title='bbox 370 2290 616 2334; x_wconf 89' lang='lat' dir='ltr'><strong>locusta</strong></span> <span class='ocrx_word' id='word_1_141' title='bbox 646 2290 836 2338; x_wconf 88' lang='lat' dir='ltr'><strong>marina,</strong></span> <span class='ocrx_word' id='word_1_142' title='bbox 870 2301 1034 2333; x_wconf 85' lang='lat' dir='ltr'><strong>cancer</strong></span> 
     </span>
     <span class='ocr_line' id='line_1_31' title="bbox 284 2346 1033 2405; baseline -0.003 -12"><span class='ocrx_word' id='word_1_143' title='bbox 284 2348 489 2404; x_wconf 89' lang='lat' dir='ltr'><strong>elephas.</strong></span> <span class='ocrx_word' id='word_1_144' title='bbox 522 2349 621 2392; x_wconf 88' lang='lat' dir='ltr'><strong>Lin.</strong></span> <span class='ocrx_word' id='word_1_145' title='bbox 655 2349 903 2405; x_wconf 87' lang='lat' dir='ltr'><strong>langouste</strong></span> <span class='ocrx_word' id='word_1_146' title='bbox 926 2346 1033 2391; x_wconf 75' lang='lat' dir='ltr'><strong>Gral-</strong></span> 
     </span>
     <span class='ocr_line' id='line_1_32' title="bbox 283 2405 1033 2461; baseline -0.001 -10"><span class='ocrx_word' id='word_1_147' title='bbox 283 2409 445 2452; x_wconf 89' lang='lat' dir='ltr'><strong>lorum.</strong></span> <span class='ocrx_word' id='word_1_148' title='bbox 503 2422 667 2461; x_wconf 84' lang='lat' dir='ltr'><strong>„unum</strong></span> <span class='ocrx_word' id='word_1_149' title='bbox 718 2407 811 2451; x_wconf 92' lang='lat' dir='ltr'><strong>hoc</strong></span> <span class='ocrx_word' id='word_1_150' title='bbox 861 2405 1033 2450; x_wconf 89' lang='lat' dir='ltr'><strong>anima-</strong></span> 
     </span>
     <span class='ocr_line' id='line_1_33' title="bbox 283 2465 1035 2521; baseline -0.004 -10"><span class='ocrx_word' id='word_1_151' title='bbox 283 2467 408 2518; x_wconf 78' lang='lat' dir='ltr'><strong>lium,</strong></span> <span class='ocrx_word' id='word_1_152' title='bbox 426 2467 514 2511; x_wconf 88' lang='lat' dir='ltr'><strong>nisi</strong></span> <span class='ocrx_word' id='word_1_153' title='bbox 526 2469 683 2511; x_wconf 88' lang='lat' dir='ltr'><strong>vivum</strong></span> <span class='ocrx_word' id='word_1_154' title='bbox 697 2465 895 2511; x_wconf 87' lang='lat' dir='ltr'><strong>ferventi</strong></span> <span class='ocrx_word' id='word_1_155' title='bbox 912 2477 1035 2521; x_wconf 83' lang='lat' dir='ltr'><strong>aqua</strong></span> 
     </span>
     <span class='ocr_line' id='line_1_34' title="bbox 282 2525 1035 2581; baseline -0.004 -11"><span class='ocrx_word' id='word_1_156' title='bbox 282 2527 574 2581; x_wconf 87' lang='lat' dir='ltr'><strong>incoquatur,</strong></span> <span class='ocrx_word' id='word_1_157' title='bbox 606 2525 750 2569; x_wconf 91' lang='lat' dir='ltr'><strong>fluida</strong></span> <span class='ocrx_word' id='word_1_158' title='bbox 783 2538 919 2569; x_wconf 88' lang='lat' dir='ltr'><strong>carne</strong></span> <span class='ocrx_word' id='word_1_159' title='bbox 943 2538 1035 2568; x_wconf 90' lang='lat' dir='ltr'><strong>non</strong></span> 
     </span>
     <span class='ocr_line' id='line_1_35' title="bbox 281 2583 1032 2635; baseline -0.004 -6"><span class='ocrx_word' id='word_1_160' title='bbox 281 2585 426 2629; x_wconf 87' lang='lat' dir='ltr'><strong>habet</strong></span> <span class='ocrx_word' id='word_1_161' title='bbox 466 2585 660 2629; x_wconf 89' lang='lat' dir='ltr'><strong>callum“</strong></span> <span class='ocrx_word' id='word_1_162' title='bbox 712 2584 829 2627; x_wconf 92' lang='lat' dir='ltr'><strong>Plin.</strong></span> <span class='ocrx_word' id='word_1_163' title='bbox 873 2584 916 2635; x_wconf 91' lang='grc'><strong>9,</strong></span> <span class='ocrx_word' id='word_1_164' title='bbox 962 2583 1032 2627; x_wconf 86' lang='grc'><strong>95.</strong></span> 
     </span>
     <span class='ocr_line' id='line_1_36' title="bbox 283 2642 1035 2699; baseline -0.004 -11"><span class='ocrx_word' id='word_1_165' title='bbox 283 2644 405 2689; x_wconf 83' lang='lat' dir='ltr'><strong>unde</strong></span> <span class='ocrx_word' id='word_1_166' title='bbox 425 2644 627 2699; x_wconf 86' lang='lat' dir='ltr'><strong>explices</strong></span> <span class='ocrx_word' id='word_1_167' title='bbox 650 2642 771 2688; x_wconf 87' lang='lat' dir='ltr'><strong>forte</strong></span> <span class='ocrx_word' id='word_1_168' title='bbox 798 2642 1035 2695; x_wconf 86' lang='lat' dir='ltr'><strong>,‚indura“.</strong></span> 
     </span>
     <span class='ocr_line' id='line_1_37' title="bbox 283 2701 1036 2759; baseline -0.004 -12"><span class='ocrx_word' id='word_1_169' title='bbox 283 2702 569 2759; x_wconf 86' lang='lat' dir='ltr'><strong>capparis</strong></span> <span class='ocrx_word' id='word_1_170' title='bbox 595 2702 736 2746; x_wconf 86' lang='lat' dir='ltr'><strong>litera</strong></span> <span class='ocrx_word' id='word_1_171' title='bbox 754 2715 784 2757; x_wconf 92' lang='lat' dir='ltr'><strong>p</strong></span> <span class='ocrx_word' id='word_1_172' title='bbox 808 2701 929 2745; x_wconf 85' lang='lat' dir='ltr'><strong>male</strong></span> <span class='ocrx_word' id='word_1_173' title='bbox 955 2701 1036 2744; x_wconf 91' lang='lat' dir='ltr'><strong>du-</strong></span> 
     </span>
     <span class='ocr_line' id='line_1_38' title="bbox 283 2760 1037 2818; baseline -0.004 -12"><span class='ocrx_word' id='word_1_174' title='bbox 283 2762 459 2818; x_wconf 86' lang='lat' dir='ltr'><strong>plicata</strong></span> <span class='ocrx_word' id='word_1_175' title='bbox 512 2765 559 2806; x_wconf 89' lang='lat' dir='ltr'><strong>et</strong></span> <span class='ocrx_word' id='word_1_176' title='bbox 605 2775 688 2817; x_wconf 91' lang='lat' dir='ltr'><strong>pro</strong></span> <span class='ocrx_word' id='word_1_177' title='bbox 732 2760 762 2805; x_wconf 92' lang='lat' dir='ltr'><strong>b</strong></span> <span class='ocrx_word' id='word_1_178' title='bbox 810 2764 1037 2815; x_wconf 86' lang='lat' dir='ltr'><strong>usurpata</strong></span> 
     </span>
     <span class='ocr_line' id='line_1_39' title="bbox 282 2819 1037 2877; baseline -0.004 -12"><span class='ocrx_word' id='word_1_179' title='bbox 282 2834 517 2877; x_wconf 89' lang='lat' dir='ltr'><strong>porroque</strong></span> <span class='ocrx_word' id='word_1_180' title='bbox 560 2834 582 2863; x_wconf 89' lang='lat' dir='ltr'><strong>r</strong></span> <span class='ocrx_word' id='word_1_181' title='bbox 634 2819 921 2875; x_wconf 86' lang='lat' dir='ltr'><strong>transposita</strong></span> <span class='ocrx_word' id='word_1_182' title='bbox 964 2822 1037 2863; x_wconf 89' lang='lat' dir='ltr'><strong>est</strong></span> 
     </span>
     <span class='ocr_line' id='line_1_40' title="bbox 285 2877 1033 2936; baseline -0.005 -10"><span class='ocrx_word' id='word_1_183' title='bbox 285 2880 541 2932; x_wconf 87' lang='lat' dir='ltr'><strong>carabis,</strong></span> <span class='ocrx_word' id='word_1_184' title='bbox 575 2882 749 2936; x_wconf 80' lang='grc' dir='ltr'><em>καραβὶς</em></span> <span class='ocrx_word' id='word_1_185' title='bbox 783 2878 949 2924; x_wconf 84' lang='lat' dir='ltr'><strong>Galeni</strong></span> <span class='ocrx_word' id='word_1_186' title='bbox 979 2877 1033 2922; x_wconf 86' lang='lat' dir='ltr'><strong>T.</strong></span> 
     </span>
    </p>
   </div>
   <div class='ocr_carea' id='block_1_9' title="bbox 1120 1221 1877 2932">
    <p class='ocr_par' dir='ltr' id='par_1_11' title="bbox 1120 1221 1877 2932">
     <span class='ocr_line' id='line_1_41' title="bbox 1123 1221 1873 1276; baseline 0.003 -12"><span class='ocrx_word' id='word_1_187' title='bbox 1123 1222 1175 1264; x_wconf 87' lang='grc'><strong>19</strong></span> <span class='ocrx_word' id='word_1_188' title='bbox 1207 1234 1250 1276; x_wconf 90' lang='lat' dir='ltr'><strong>p.</strong></span> <span class='ocrx_word' id='word_1_189' title='bbox 1284 1221 1386 1272; x_wconf 87' lang='lat'>686,</span> <span class='ocrx_word' id='word_1_190' title='bbox 1422 1221 1489 1265; x_wconf 83' lang='lat'><strong>18.</strong></span> <span class='ocrx_word' id='word_1_191' title='bbox 1515 1221 1682 1266; x_wconf 85' lang='lat' dir='ltr'><strong>medici</strong></span> <span class='ocrx_word' id='word_1_192' title='bbox 1705 1221 1749 1265; x_wconf 92' lang='lat' dir='ltr'><strong>in</strong></span> <span class='ocrx_word' id='word_1_193' title='bbox 1772 1221 1873 1266; x_wconf 89' lang='lat' dir='ltr'><strong>Ide-</strong></span> 
     </span>
     <span class='ocr_line' id='line_1_42' title="bbox 1120 1279 1873 1336; baseline 0 -13"><span class='ocrx_word' id='word_1_194' title='bbox 1120 1280 1203 1324; x_wconf 91' lang='lat' dir='ltr'><strong>leri</strong></span> <span class='ocrx_word' id='word_1_195' title='bbox 1246 1279 1382 1336; x_wconf 90' lang='lat' dir='ltr'><strong>Corp.</strong></span> <span class='ocrx_word' id='word_1_196' title='bbox 1417 1279 1461 1323; x_wconf 92' lang='lat' dir='ltr'><strong>II</strong></span> <span class='ocrx_word' id='word_1_197' title='bbox 1493 1293 1535 1335; x_wconf 91' lang='lat' dir='ltr'><strong>p.</strong></span> <span class='ocrx_word' id='word_1_198' title='bbox 1563 1281 1665 1333; x_wconf 84' lang='lat'>260,</span> <span class='ocrx_word' id='word_1_199' title='bbox 1698 1282 1738 1324; x_wconf 79' lang='lat'><strong>5.</strong></span> <span class='ocrx_word' id='word_1_200' title='bbox 1772 1281 1873 1331; x_wconf 88' lang='grc'>263,</span> 
     </span>
     <span class='ocr_line' id='line_1_43' title="bbox 1121 1339 1874 1390; baseline 0 -9"><span class='ocrx_word' id='word_1_201' title='bbox 1121 1340 1161 1382; x_wconf 86' lang='grc'><strong>8.</strong></span> <span class='ocrx_word' id='word_1_202' title='bbox 1195 1339 1295 1390; x_wconf 89' lang='grc'>266,</span> <span class='ocrx_word' id='word_1_203' title='bbox 1331 1340 1399 1382; x_wconf 87' lang='grc'><strong>20.</strong></span> <span class='ocrx_word' id='word_1_204' title='bbox 1435 1340 1536 1390; x_wconf 89' lang='grc'>269,</span> <span class='ocrx_word' id='word_1_205' title='bbox 1577 1341 1648 1384; x_wconf 88' lang='grc'><strong>22.</strong></span> <span class='ocrx_word' id='word_1_206' title='bbox 1683 1339 1784 1390; x_wconf 90' lang='grc'>280,</span> <span class='ocrx_word' id='word_1_207' title='bbox 1817 1340 1874 1382; x_wconf 83' lang='grc'><strong>26</strong></span> 
     </span>
     <span class='ocr_line' id='line_1_44' title="bbox 1122 1398 1871 1453; baseline -0.001 -12"><span class='ocrx_word' id='word_1_208' title='bbox 1122 1403 1173 1442; x_wconf 87' lang='lat' dir='ltr'><strong>ut</strong></span> <span class='ocrx_word' id='word_1_209' title='bbox 1204 1401 1417 1453; x_wconf 75' lang='grc' dir='ltr'><strong>καμμαρὶς</strong></span> <span class='ocrx_word' id='word_1_210' title='bbox 1450 1398 1614 1443; x_wconf 81' lang='lat' dir='ltr'><strong>Galeni</strong></span> <span class='ocrx_word' id='word_1_211' title='bbox 1656 1399 1708 1442; x_wconf 88' lang='lat' dir='ltr'><strong>T.</strong></span> <span class='ocrx_word' id='word_1_212' title='bbox 1754 1399 1792 1442; x_wconf 89' lang='lat'><strong>6.</strong></span> <span class='ocrx_word' id='word_1_213' title='bbox 1828 1411 1871 1453; x_wconf 90' lang='lat' dir='ltr'><strong>p.</strong></span> 
     </span>
     <span class='ocr_line' id='line_1_45' title="bbox 1125 1457 1874 1508; baseline 0 -8"><span class='ocrx_word' id='word_1_214' title='bbox 1125 1458 1225 1508; x_wconf 85' lang='lat'><strong>735,</strong></span> <span class='ocrx_word' id='word_1_215' title='bbox 1260 1458 1330 1502; x_wconf 86' lang='lat'><strong>17.</strong></span> <span class='ocrx_word' id='word_1_216' title='bbox 1354 1470 1521 1502; x_wconf 89' lang='lat' dir='ltr'><strong>cancer</strong></span> <span class='ocrx_word' id='word_1_217' title='bbox 1539 1459 1628 1502; x_wconf 89' lang='lat' dir='ltr'><strong>erit</strong></span> <span class='ocrx_word' id='word_1_218' title='bbox 1648 1471 1742 1504; x_wconf 88' lang='lat' dir='ltr'><strong>non</strong></span> <span class='ocrx_word' id='word_1_219' title='bbox 1760 1457 1874 1501; x_wconf 93' lang='lat' dir='ltr'><strong>mul-</strong></span> 
     </span>
     <span class='ocr_line' id='line_1_46' title="bbox 1123 1516 1874 1574; baseline 0.001 -14"><span class='ocrx_word' id='word_1_220' title='bbox 1123 1522 1221 1560; x_wconf 83' lang='lat' dir='ltr'><strong>tum</strong></span> <span class='ocrx_word' id='word_1_221' title='bbox 1263 1516 1473 1561; x_wconf 89' lang='lat' dir='ltr'><strong>diversus</strong></span> <span class='ocrx_word' id='word_1_222' title='bbox 1520 1530 1548 1560; x_wconf 85' lang='lat' dir='ltr'><strong>a</strong></span> <span class='ocrx_word' id='word_1_223' title='bbox 1594 1517 1874 1574; x_wconf 89' lang='lat' dir='ltr'><strong>reliquorum</strong></span> 
     </span>
     <span class='ocr_line' id='line_1_47' title="bbox 1124 1574 1873 1631; baseline -0.001 -11"><span class='ocrx_word' id='word_1_224' title='bbox 1124 1574 1346 1631; x_wconf 76' lang='grc' dir='ltr'><strong>καμμὰρῳ.</strong></span> <span class='ocrx_word' id='word_1_225' title='bbox 1381 1574 1439 1620; x_wconf 81' lang='lat' dir='ltr'><strong>of.</strong></span> <span class='ocrx_word' id='word_1_226' title='bbox 1471 1576 1639 1621; x_wconf 84' lang='lat' dir='ltr'><strong>Ianson</strong></span> <span class='ocrx_word' id='word_1_227' title='bbox 1672 1577 1717 1620; x_wconf 90' lang='lat' dir='ltr'><strong>in</strong></span> <span class='ocrx_word' id='word_1_228' title='bbox 1745 1575 1873 1620; x_wconf 88' lang='lat' dir='ltr'><strong>Iahn.</strong></span> 
     </span>
     <span class='ocr_line' id='line_1_48' title="bbox 1122 1634 1874 1691; baseline 0.001 -13"><span class='ocrx_word' id='word_1_229' title='bbox 1122 1634 1314 1679; x_wconf 88' lang='lat' dir='ltr'><strong>Archiv.</strong></span> <span class='ocrx_word' id='word_1_230' title='bbox 1365 1636 1432 1679; x_wconf 83' lang='lat'><strong>19.</strong></span> <span class='ocrx_word' id='word_1_231' title='bbox 1484 1649 1527 1691; x_wconf 89' lang='lat' dir='ltr'><strong>p.</strong></span> <span class='ocrx_word' id='word_1_232' title='bbox 1587 1636 1685 1679; x_wconf 78' lang='lat'><strong>523.</strong></span> <span class='ocrx_word' id='word_1_233' title='bbox 1745 1648 1874 1691; x_wconf 88' lang='lat' dir='ltr'><strong>seqq-</strong></span> 
     </span>
     <span class='ocr_line' id='line_1_49' title="bbox 1123 1694 1875 1750; baseline 0.003 -14"><span class='ocrx_word' id='word_1_234' title='bbox 1123 1694 1259 1737; x_wconf 85' lang='lat' dir='ltr'><strong>Hum.</strong></span> <span class='ocrx_word' id='word_1_235' title='bbox 1311 1708 1413 1738; x_wconf 88' lang='lat' dir='ltr'><strong>eum</strong></span> <span class='ocrx_word' id='word_1_236' title='bbox 1470 1708 1562 1738; x_wconf 89' lang='lat' dir='ltr'><strong>non</strong></span> <span class='ocrx_word' id='word_1_237' title='bbox 1611 1695 1875 1750; x_wconf 82' lang='lat' dir='ltr'><strong>expiscatus</strong></span> 
     </span>
     <span class='ocr_line' id='line_1_50' title="bbox 1124 1752 1875 1808; baseline 0.001 -11"><span class='ocrx_word' id='word_1_238' title='bbox 1124 1752 1309 1808; x_wconf 87' lang='lat' dir='ltr'><strong>scripsit</strong></span> <span class='ocrx_word' id='word_1_239' title='bbox 1367 1754 1590 1797; x_wconf 83' lang='lat' dir='ltr'><strong>carabo</strong></span> <span class='ocrx_word' id='word_1_240' title='bbox 1650 1758 1696 1798; x_wconf 77' lang='lat' dir='ltr'><strong>et</strong></span> <span class='ocrx_word' id='word_1_241' title='bbox 1755 1753 1875 1798; x_wconf 83' lang='lat' dir='ltr'><strong>male</strong></span> 
     </span>
     <span class='ocr_line' id='line_1_51' title="bbox 1124 1812 1875 1868; baseline -0.001 -13"><span class='ocrx_word' id='word_1_242' title='bbox 1124 1812 1301 1868; x_wconf 87' lang='lat' dir='ltr'><strong>pictum</strong></span> <span class='ocrx_word' id='word_1_243' title='bbox 1334 1812 1549 1856; x_wconf 85' lang='lat' dir='ltr'><strong>induta</strong></span> <span class='ocrx_word' id='word_1_244' title='bbox 1583 1813 1652 1857; x_wconf 86' lang='lat' dir='ltr'><strong>ed.</strong></span> <span class='ocrx_word' id='word_1_245' title='bbox 1697 1826 1764 1868; x_wconf 89' lang='lat' dir='ltr'><strong>pr.</strong></span> <span class='ocrx_word' id='word_1_246' title='bbox 1799 1815 1875 1868; x_wconf 72' lang='grc' dir='ltr'><strong>(θκ</strong></span> 
     </span>
     <span class='ocr_line' id='line_1_52' title="bbox 1125 1870 1874 1925; baseline 0 -11"><span class='ocrx_word' id='word_1_247' title='bbox 1125 1872 1336 1915; x_wconf 86' lang='lat' dir='ltr'><strong>lacunam</strong></span> <span class='ocrx_word' id='word_1_248' title='bbox 1367 1870 1558 1925; x_wconf 86' lang='lat' dir='ltr'><strong>habent)</strong></span> <span class='ocrx_word' id='word_1_249' title='bbox 1603 1886 1695 1916; x_wconf 91' lang='lat' dir='ltr'><strong>non</strong></span> <span class='ocrx_word' id='word_1_250' title='bbox 1738 1871 1874 1921; x_wconf 86' lang='lat' dir='ltr'><strong>extri-</strong></span> 
     </span>
     <span class='ocr_line' id='line_1_53' title="bbox 1128 1925 1875 1976; baseline 0.001 -3"><span class='ocrx_word' id='word_1_251' title='bbox 1128 1943 1237 1974; x_wconf 88' lang='lat' dir='ltr'><strong>cans</strong></span> <span class='ocrx_word' id='word_1_252' title='bbox 1270 1944 1369 1974; x_wconf 90' lang='lat' dir='ltr'><strong>cum</strong></span> <span class='ocrx_word' id='word_1_253' title='bbox 1403 1930 1618 1976; x_wconf 84' lang='lat' dir='ltr'><strong>lemmate</strong></span> <span class='ocrx_word' id='word_1_254' title='bbox 1651 1925 1807 1975; x_wconf 66' lang='lat' dir='ltr'><strong>iunxib</strong></span> <span class='ocrx_word' id='word_1_255' title='bbox 1827 1933 1875 1974; x_wconf 89' lang='lat' dir='ltr'><strong>et</strong></span> 
     </span>
     <span class='ocr_line' id='line_1_54' title="bbox 1129 1990 1872 2045; baseline -0.001 -11"><span class='ocrx_word' id='word_1_256' title='bbox 1129 1990 1378 2045; x_wconf 86' lang='lat' dir='ltr'><strong>explicavit</strong></span> <span class='ocrx_word' id='word_1_257' title='bbox 1412 2003 1538 2043; x_wconf 88' lang='lat' dir='ltr'><strong>„cum</strong></span> <span class='ocrx_word' id='word_1_258' title='bbox 1581 1994 1707 2035; x_wconf 83' lang='lat' dir='ltr'><strong>testa</strong></span> <span class='ocrx_word' id='word_1_259' title='bbox 1747 1992 1872 2034; x_wconf 88' lang='lat' dir='ltr'><strong>sua“.</strong></span> 
     </span>
     <span class='ocr_line' id='line_1_55' title="bbox 1128 2048 1875 2102; baseline -0.001 -9"><span class='ocrx_word' id='word_1_260' title='bbox 1128 2050 1292 2093; x_wconf 90' lang='lat' dir='ltr'><strong>eodem</strong></span> <span class='ocrx_word' id='word_1_261' title='bbox 1324 2049 1421 2093; x_wconf 90' lang='lat' dir='ltr'><strong>iure</strong></span> <span class='ocrx_word' id='word_1_262' title='bbox 1457 2049 1717 2102; x_wconf 85' lang='lat' dir='ltr'><strong>„indutam“</strong></span> <span class='ocrx_word' id='word_1_263' title='bbox 1765 2048 1875 2094; x_wconf 90' lang='lat' dir='ltr'><strong>scri-</strong></span> 
     </span>
     <span class='ocr_line' id='line_1_56' title="bbox 1126 2109 1875 2164; baseline -0.001 -11"><span class='ocrx_word' id='word_1_264' title='bbox 1126 2109 1281 2153; x_wconf 87' lang='lat' dir='ltr'><strong>bendo</strong></span> <span class='ocrx_word' id='word_1_265' title='bbox 1316 2121 1417 2152; x_wconf 89' lang='lat' dir='ltr'><strong>cum</strong></span> <span class='ocrx_word' id='word_1_266' title='bbox 1446 2112 1659 2164; x_wconf 87' lang='lat' dir='ltr'><strong>„cepam“</strong></span> <span class='ocrx_word' id='word_1_267' title='bbox 1685 2109 1875 2164; x_wconf 84' lang='lat' dir='ltr'><strong>iungere</strong></span> 
     </span>
     <span class='ocr_line' id='line_1_57' title="bbox 1125 2167 1876 2223; baseline -0.001 -11"><span class='ocrx_word' id='word_1_268' title='bbox 1125 2172 1314 2223; x_wconf 88' lang='lat' dir='ltr'><strong>poterat</strong></span> <span class='ocrx_word' id='word_1_269' title='bbox 1356 2181 1413 2212; x_wconf 87' lang='lat' dir='ltr'><strong>ex</strong></span> <span class='ocrx_word' id='word_1_270' title='bbox 1455 2168 1581 2211; x_wconf 90' lang='lat' dir='ltr'><strong>Pers.</strong></span> <span class='ocrx_word' id='word_1_271' title='bbox 1635 2167 1679 2219; x_wconf 94' lang='lat'><strong>4,</strong></span> <span class='ocrx_word' id='word_1_272' title='bbox 1720 2168 1793 2218; x_wconf 85' lang='lat'><strong>30,</strong></span> <span class='ocrx_word' id='word_1_273' title='bbox 1835 2167 1876 2211; x_wconf 89' lang='lat' dir='ltr'><strong>si</strong></span> 
     </span>
     <span class='ocr_line' id='line_1_58' title="bbox 1130 2226 1875 2280; baseline -0.001 -10"><span class='ocrx_word' id='word_1_274' title='bbox 1130 2227 1393 2280; x_wconf 86' lang='lat' dir='ltr'><strong>„indura“</strong></span> <span class='ocrx_word' id='word_1_275' title='bbox 1429 2239 1540 2270; x_wconf 86' lang='lat' dir='ltr'><strong>vera</strong></span> <span class='ocrx_word' id='word_1_276' title='bbox 1570 2227 1725 2278; x_wconf 85' lang='lat' dir='ltr'><strong>lectio,</strong></span> <span class='ocrx_word' id='word_1_277' title='bbox 1753 2226 1875 2270; x_wconf 91' lang='lat' dir='ltr'><strong>idem</strong></span> 
     </span>
     <span class='ocr_line' id='line_1_59' title="bbox 1125 2284 1874 2342; baseline -0.001 -12"><span class='ocrx_word' id='word_1_278' title='bbox 1125 2291 1197 2330; x_wconf 88' lang='lat' dir='ltr'><strong>est</strong></span> <span class='ocrx_word' id='word_1_279' title='bbox 1229 2286 1354 2342; x_wconf 91' lang='lat' dir='ltr'><strong>quod</strong></span> <span class='ocrx_word' id='word_1_280' title='bbox 1386 2286 1554 2336; x_wconf 89' lang='lat' dir='ltr'><strong>inassa,</strong></span> <span class='ocrx_word' id='word_1_281' title='bbox 1588 2285 1775 2341; x_wconf 90' lang='lat' dir='ltr'><strong>paulum</strong></span> <span class='ocrx_word' id='word_1_282' title='bbox 1799 2284 1874 2329; x_wconf 84' lang='lat' dir='ltr'><strong>fri-</strong></span> 
     </span>
     <span class='ocr_line' id='line_1_60' title="bbox 1123 2344 1876 2401; baseline -0.001 -13"><span class='ocrx_word' id='word_1_283' title='bbox 1123 2359 1193 2401; x_wconf 87' lang='lat' dir='ltr'><strong>ge.</strong></span> <span class='ocrx_word' id='word_1_284' title='bbox 1229 2345 1296 2389; x_wconf 87' lang='lat' dir='ltr'><strong>sic</strong></span> <span class='ocrx_word' id='word_1_285' title='bbox 1327 2344 1574 2396; x_wconf 88' lang='lat' dir='ltr'><strong>obdurare,</strong></span> <span class='ocrx_word' id='word_1_286' title='bbox 1614 2345 1773 2400; x_wconf 84' lang='lat' dir='ltr'><strong>praed.</strong></span> <span class='ocrx_word' id='word_1_287' title='bbox 1808 2344 1876 2388; x_wconf 88' lang='lat' dir='ltr'><strong>sic</strong></span> 
     </span>
     <span class='ocr_line' id='line_1_61' title="bbox 1124 2403 1877 2458; baseline -0.003 -10"><span class='ocrx_word' id='word_1_288' title='bbox 1124 2404 1341 2448; x_wconf 87' lang='lat' dir='ltr'><strong>indurata</strong></span> <span class='ocrx_word' id='word_1_289' title='bbox 1397 2408 1448 2447; x_wconf 84' lang='lat' dir='ltr'><strong>ut</strong></span> <span class='ocrx_word' id='word_1_290' title='bbox 1506 2404 1689 2458; x_wconf 89' lang='lat' dir='ltr'><strong>cepulla</strong></span> <span class='ocrx_word' id='word_1_291' title='bbox 1745 2403 1877 2446; x_wconf 75' lang='lat' dir='ltr'><strong>arida</strong></span> 
     </span>
     <span class='ocr_line' id='line_1_62' title="bbox 1124 2462 1874 2519; baseline 0 -13"><span class='ocrx_word' id='word_1_292' title='bbox 1124 2463 1225 2507; x_wconf 71' lang='lat'><strong>415.</strong></span> <span class='ocrx_word' id='word_1_293' title='bbox 1261 2467 1308 2507; x_wconf 88' lang='lat' dir='ltr'><strong>et</strong></span> <span class='ocrx_word' id='word_1_294' title='bbox 1340 2475 1456 2519; x_wconf 90' lang='lat' dir='ltr'><strong>cepa</strong></span> <span class='ocrx_word' id='word_1_295' title='bbox 1497 2463 1622 2507; x_wconf 89' lang='lat' dir='ltr'><strong>sicca</strong></span> <span class='ocrx_word' id='word_1_296' title='bbox 1664 2462 1874 2518; x_wconf 90' lang='lat' dir='ltr'><strong>pluribus</strong></span> 
     </span>
     <span class='ocr_line' id='line_1_63' title="bbox 1125 2522 1875 2577; baseline -0.001 -11"><span class='ocrx_word' id='word_1_297' title='bbox 1125 2523 1240 2567; x_wconf 91' lang='lat' dir='ltr'><strong>locis</strong></span> <span class='ocrx_word' id='word_1_298' title='bbox 1273 2536 1373 2566; x_wconf 89' lang='lat' dir='ltr'><strong>cum</strong></span> <span class='ocrx_word' id='word_1_299' title='bbox 1406 2522 1509 2566; x_wconf 90' lang='lat' dir='ltr'><strong>aliis</strong></span> <span class='ocrx_word' id='word_1_300' title='bbox 1542 2522 1785 2577; x_wconf 87' lang='lat' dir='ltr'><strong>speciebus</strong></span> <span class='ocrx_word' id='word_1_301' title='bbox 1808 2526 1875 2565; x_wconf 88' lang='lat' dir='ltr'><strong>te-</strong></span> 
     </span>
     <span class='ocr_line' id='line_1_64' title="bbox 1126 2580 1874 2637; baseline -0.003 -12"><span class='ocrx_word' id='word_1_302' title='bbox 1126 2582 1253 2625; x_wconf 85' lang='lat' dir='ltr'><strong>ritur.</strong></span> <span class='ocrx_word' id='word_1_303' title='bbox 1276 2580 1534 2637; x_wconf 85' lang='lat' dir='ltr'><strong>pallach.</strong></span> <span class='ocrx_word' id='word_1_304' title='bbox 1572 2581 1667 2624; x_wconf 84' lang='lat'><strong>145.</strong></span> <span class='ocrx_word' id='word_1_305' title='bbox 1706 2606 1754 2610; x_wconf 97' lang='lat'><strong>—</strong></span> <span class='ocrx_word' id='word_1_306' title='bbox 1789 2593 1874 2636; x_wconf 91' lang='lat' dir='ltr'><strong>pro</strong></span> 
     </span>
     <span class='ocr_line' id='line_1_65' title="bbox 1129 2638 1875 2696; baseline -0.004 -11"><span class='ocrx_word' id='word_1_307' title='bbox 1129 2641 1271 2692; x_wconf 92' lang='lat' dir='ltr'><strong>eius,</strong></span> <span class='ocrx_word' id='word_1_308' title='bbox 1304 2641 1430 2696; x_wconf 89' lang='lat' dir='ltr'><strong>quod</strong></span> <span class='ocrx_word' id='word_1_309' title='bbox 1461 2641 1594 2684; x_wconf 91' lang='lat' dir='ltr'><strong>Hum.</strong></span> <span class='ocrx_word' id='word_1_310' title='bbox 1618 2639 1767 2690; x_wconf 87' lang='lat' dir='ltr'><strong>eiecit,</strong></span> <span class='ocrx_word' id='word_1_311' title='bbox 1799 2638 1875 2683; x_wconf 86' lang='lat' dir='ltr'><strong>vel</strong></span> 
     </span>
     <span class='ocr_line' id='line_1_66' title="bbox 1126 2699 1875 2744; baseline -0.004 0"><span class='ocrx_word' id='word_1_312' title='bbox 1126 2699 1261 2744; x_wconf 84' lang='lat' dir='ltr'><strong>scrib.</strong></span> <span class='ocrx_word' id='word_1_313' title='bbox 1326 2704 1383 2743; x_wconf 86' lang='lat' dir='ltr'><strong>et</strong></span> <span class='ocrx_word' id='word_1_314' title='bbox 1440 2700 1527 2743; x_wconf 91' lang='lat' dir='ltr'><strong>ius</strong></span> <span class='ocrx_word' id='word_1_315' title='bbox 1584 2699 1661 2743; x_wconf 89' lang='lat' dir='ltr'><strong>vel</strong></span> <span class='ocrx_word' id='word_1_316' title='bbox 1719 2699 1875 2742; x_wconf 89' lang='lat' dir='ltr'><strong>eius-</strong></span> 
     </span>
     <span class='ocr_line' id='line_1_67' title="bbox 1124 2757 1874 2814; baseline -0.005 -11"><span class='ocrx_word' id='word_1_317' title='bbox 1124 2759 1279 2803; x_wconf 88' lang='lat' dir='ltr'><strong>modi</strong></span> <span class='ocrx_word' id='word_1_318' title='bbox 1313 2759 1438 2814; x_wconf 89' lang='lat' dir='ltr'><strong>quod</strong></span> <span class='ocrx_word' id='word_1_319' title='bbox 1470 2759 1531 2802; x_wconf 86' lang='lat' dir='ltr'><strong>sit</strong></span> <span class='ocrx_word' id='word_1_320' title='bbox 1558 2757 1659 2811; x_wconf 90' lang='lat' dir='ltr'><strong>„vel</strong></span> <span class='ocrx_word' id='word_1_321' title='bbox 1685 2757 1874 2801; x_wconf 84' lang='lat' dir='ltr'><strong>alterius</strong></span> 
     </span>
     <span class='ocr_line' id='line_1_68' title="bbox 1125 2816 1875 2874; baseline -0.005 -12"><span class='ocrx_word' id='word_1_322' title='bbox 1125 2818 1336 2874; x_wconf 81' lang='lat' dir='ltr'><strong>generis“</strong></span> <span class='ocrx_word' id='word_1_323' title='bbox 1374 2817 1470 2861; x_wconf 89' lang='lat'><strong>144.</strong></span> <span class='ocrx_word' id='word_1_324' title='bbox 1506 2817 1611 2868; x_wconf 78' lang='lat' dir='ltr'><strong>„vel</strong></span> <span class='ocrx_word' id='word_1_325' title='bbox 1636 2816 1875 2860; x_wconf 81' lang='lat' dir='ltr'><strong>cuiuscun-</strong></span> 
     </span>
     <span class='ocr_line' id='line_1_69' title="bbox 1128 2874 1872 2932; baseline -0.003 -12"><span class='ocrx_word' id='word_1_326' title='bbox 1128 2891 1216 2932; x_wconf 88' lang='lat' dir='ltr'><strong>que</strong></span> <span class='ocrx_word' id='word_1_327' title='bbox 1250 2881 1391 2921; x_wconf 88' lang='lat' dir='ltr'><strong>notae</strong></span> <span class='ocrx_word' id='word_1_328' title='bbox 1423 2876 1653 2921; x_wconf 81' lang='lat' dir='ltr'><strong>volueris“</strong></span> <span class='ocrx_word' id='word_1_329' title='bbox 1698 2874 1872 2919; x_wconf 88' lang='lat' dir='ltr'><strong>Colum.</strong></span> 
     </span>
    </p>
   </div>
  </div>
 </body>
</html>
