2066 3276
331 225 432 276 176

844 222 942 266 Lib.
967 222 1089 265 VIII.
1137 223 1379 277 Tetrapus.

329 354 603 408 exinanies
642 354 695 405 in
738 355 1043 420 caccabum,
1084 354 1252 406 facies
1293 359 1350 405 ut
1388 353 1607 406 ferveat.
1651 370 1768 406 cum
1809 354 1910 407 fer‘

326 428 513 494 vuerit‚
556 428 729 479 amolo
772 427 994 493 obligas.
1037 428 1330 496 porcellum
1370 427 1701 494 conpositum
1738 428 1791 479 in
1819 445 1911 498 pa-

326 502 437 554 tina
475 500 782 570 perfundes,
824 500 979 568 piper
1019 501 1263 570 aspargis
1306 505 1357 553 et
1395 500 1606 553 inferes.

441 575 564 627 382.
616 574 1012 626 Porcellum
1054 574 1550 626 celsinianum:
1606 589 1780 639 ornas,
1834 573 1911 624 in-

326 647 518 700 fundes
557 646 760 716 pipere‚
800 651 933 713 ruta,
977 664 1128 714 cepa,
1172 648 1421 713 satureia,
1478 647 1647 699 cucito
1690 663 1816 699 suco
1860 651 1911 698 et

329 738 431 774 ova
481 720 730 772 infundes
781 737 880 789 per
932 720 1236 773 auriculam.
1293 726 1345 773 et
1384 738 1450 773 ex
1490 720 1692 789 pipere,
1746 720 1911 788 liqua-

328 795 485 860 mine,
517 794 639 846 vino
662 793 888 846 modico.
920 794 973 844 in
996 794 1330 847 acetabulum
1355 799 1620 863 temperas
1645 798 1696 845 et
1716 809 1906 845 sumes.
1966 827 1968 830 ψ

440 869 561 920 383.
604 868 999 919 Porcellum
1040 883 1290 920 assum:
1336 872 1475 920 teres
1516 867 1684 937 piper,
1724 871 1912 933 rutam,

329 941 632 1007 satureiam,
685 958 890 1009 cepam,
942 957 1157 993 ovorum
1199 945 1467 994 coctorum
1506 941 1700 1009 media,
1749 941 1915 1006 liqua-

329 1033 467 1082 men,
540 1016 734 1081 vinum,
790 1015 982 1082 oleum,
1033 1014 1316 1067 conditum.
1382 1015 1580 1067 bulliat.
1639 1014 1916 1067 conditura

330 1089 623 1160 porcellum
661 1089 715 1140 in
754 1089 979 1141 boletari
1016 1088 1306 1157 perfundes
1348 1093 1399 1141 et
1436 1088 1647 1141 inferes,

444 1164 567 1216 384.
621 1162 1009 1216 Porcellum
1062 1162 1590 1216 horreolanum:
1651 1161 1917 1230 porcellus

333 1234 627 1301 exessatur,
682 1252 778 1306 per
831 1236 1008 1303 gulam
1062 1236 1115 1288 in
1167 1236 1380 1288 modum
1421 1236 1565 1288 utris.
1611 1235 1827 1287 mittitur
1863 1235 1917 1286 in

330 1328 451 1365 eum
501 1311 676 1379 pullus
731 1309 978 1362 csiciatus
1031 1309 1384 1378 particulatim
1439 1309 1699 1375 conciSUS‚
1761 1308 1915 1376 turdi,

327 1386 592 1452 ficetulae‚
632 1383 783 1437 isicia
823 1382 892 1436 de
931 1384 1098 1453 pulpa
1126 1400 1239 1451 sua,
1281 1383 1575 1450 lucanicae,
1619 1382 1799 1436 dactili
1830 1400 1917 1436 ex-

329 1559 439 1591 vase
481 1559 618 1591 aereo
650 1545 828 1590 maiora
860 1545 1078 1589 animalia

329 1607 510 1662 integra
525 1606 845 1662 coquebantur
862 1605 933 1649 vel
953 1611 1078 1649 certe

329 1665 730 1721 praedurabantur
762 1669 809 1708 et
841 1668 1007 1719 postea
1032 1665 1079 1707 in

329 1725 491 1780 patina
522 1724 597 1767 vel
630 1723 831 1767 caccabo
860 1724 1079 1767 assaban-

331 1789 405 1827 tur
437 1788 485 1827 et
518 1796 618 1826 cum
650 1783 748 1826 iure
779 1783 1079 1837 parabantur.

420 1842 480 1885 ad
498 1843 599 1886 382.
633 1841 842 1885 Celsinus
875 1855 990 1885 unus
1023 1855 1080 1885 ex

330 1900 594 1946 Vitellianis
640 1901 840 1951 videtur,
889 1901 963 1945 vel
1002 1901 1080 1944 ille

331 1960 485 2004 affinis
534 1960 684 2012 Clodii
731 1958 895 2003 Albini
944 1960 1082 2016 quia

331 2019 579 2074 Spartiano
622 2020 666 2061 in
699 2018 854 2062 cher.
892 2020 958 2061 11.
1007 2018 1080 2063 vel

330 2078 409 2122 ille
439 2078 726 2122 consiliarius
746 2077 987 2121 Aureliani
1006 2079 1082 2133 qui

331 2150 360 2180 a
401 2137 608 2192 Vopisco
652 2137 698 2180 in
739 2137 836 2180 eius
877 2137 976 2180 vita
1010 2137 1081 2179 44.

332 2201 626 2240 memoratur.
651 2221 703 2225 -—-
737 2194 836 2238 inf.
870 2196 1082 2250 pipere

331 2256 360 2298 i.
407 2269 448 2311 q.
492 2255 537 2298 in
579 2256 753 2311 pipere,
797 2254 858 2298 ad
907 2255 1080 2310 Gai-gil.

334 2314 438 2358 Cur.
472 2314 611 2359 boum
639 2327 684 2370 p.
702 2313 772 2356 41.
799 2340 853 2344 —
887 2314 1082 2358 sicuto

333 2387 438 2418 suo
473 2374 609 2418 codd.
642 2386 745 2416 suo
775 2386 928 2416 0111.π.
964 2386 1083 2416 suc-

335 2445 397 2477 co
430 2445 531 2476 suo
566 2433 637 2477 ed.
672 2446 740 2487 pr.
773 2432 829 2475 H.
877 2432 1083 2476 sicuto

333 2505 515 2536 succo
551 2492 580 2540 ζ.
616 2491 677 2535 ad
710 2490 909 2535 cucitum
935 2490 992 2535 cf.
1013 2492 1083 2535 66.

335 2552 404 2594 83.
450 2576 500 2581 —
547 2564 650 2606 per
691 2550 940 2595 auricul.
983 2551 1084 2602 372,

335 2610 718 2654 acetabulum
753 2608 973 2662 ὀξύβαφον
1012 2609 1087 2654 vel

336 2669 564 2723 ἕμβάφιον,
609 2681 691 2712 vas
730 2667 854 2723 quod
887 2669 1086 2712 embam-

335 2729 449 2772 mati
507 2727 785 2772 continendo
838 2727 1085 2778 serviebat,

335 2789 382 2831 in
416 2787 541 2845 quod
574 2787 725 2831 cibum
757 2790 990 2830 sumentes
1020 2787 1085 2829 in-

337 2847 594 2903 tingebant,
639 2847 844 2903 ποροψὶς,
882 2844 1085 2902 τρύβλιον

1168 1545 1214 1589 in
1247 1545 1424 1602 Evang.
1458 1544 1619 1589 Matth.
1655 1545 1726 1596 26,
1755 1545 1824 1588 23.
1859 1546 1919 1588 ad

1257 1664 1318 1707 ad
1353 1664 1453 1707 383.
1503 1677 1587 1707 ov.
1622 1666 1772 1707 coct.
1805 1676 1919 1707 me-

1170 1723 1268 1766 dia
1315 1723 1478 1766 vitella
1526 1723 1624 1767 196.
1689 1722 1916 1765 condit.

1258 1840 1319 1883 ad
1340 1840 1439 1884 384.
1474 1839 1855 1885 hortolanum
1874 1843 1920 1890 ῥ’,

1172 1899 1515 1944 ortolanum
1563 1897 1648 1947 ὃζκ.
1693 1899 1764 1943 ed.
1799 1899 1917 1942 med.

1172 1959 1345 2002 ortul.
1379 1975 1451 2013 γπ.
1483 1958 1710 2002 hortul.
1744 1958 1814 2002 ed.
1849 1971 1920 2013 pr.

1171 2018 1226 2060 H.
1247 2030 1381 2073 quem
1402 2018 1547 2061 secuti
1565 2018 1799 2073 explicant
1816 2030 1921 2071 por-

1174 2077 1337 2121 cellum
1381 2076 1583 2120 oleribus
1628 2076 1920 2121 hortensibus

1173 2134 1357 2179 fartum.
1392 2136 1472 2180 sed
1492 2149 1563 2179 me
1590 2149 1682 2179 non
1704 2140 1921 2178 monente

1172 2195 1353 2239 videbis
1380 2194 1534 2249 plures
1558 2199 1803 2250 praeterea
1849 2207 1922 2237 res

1174 2266 1291 2310 quae
1355 2255 1577 2297 tricentur
1627 2254 1673 2297 in
1720 2253 1921 2296 medium

1174 2312 1382 2368 proferri.
1417 2312 1576 2356 lexicis
1608 2313 1818 2368 ignotum
1843 2312 1923 2354 ad-

1174 2367 1391 2416 iectivuni
1436 2384 1535 2415 esse
1578 2372 1624 2414 in
1664 2384 1754 2427 quo
1795 2374 1846 2414 ut
1878 2371 1923 2413 in

1175 2430 1391 2474 horreolo
1424 2430 1497 2474 vel
1532 2430 1811 2485 repositorio
1845 2442 1924 2473 va-

1175 2490 1271 2534 riae
1303 2502 1375 2533 res
1408 2489 1668 2533 conduntur
1690 2490 1733 2532 in
1759 2493 1923 2543 aperto

1177 2553 1260 2593 est.
1298 2574 1341 2578 —
1382 2562 1479 2603 per
1510 2548 1706 2604 gulam
1740 2551 1924 2592 exente-

1178 2612 1306 2651 ratur
1347 2608 1414 2651 sic
1452 2611 1503 2651 ut
1534 2613 1636 2652 uter
1667 2605 1751 2651 fiat
1783 2607 1924 2651 omni-

1177 2668 1264 2711 bus
1295 2667 1526 2710 intestinis
1546 2666 1741 2711 exemtis
1758 2665 1846 2708 364
1863 2665 1921 2707 in.

1180 2752 1231 2756 ——
1275 2726 1432 2769 utris
1475 2739 1559 2781 pro
1602 2725 1750 2769 iuris
1797 2738 1853 2768 ex
1895 2728 1925 2774 β

1176 2785 1232 2829 Η.
1278 2811 1331 2815 Μ
1374 2785 1657 2829 esiciatus
1698 2785 1743 2827 in
1783 2783 1923 2839 pluri-

1175 2844 1274 2897 mis,
1311 2844 1415 2900 (402
1448 2844 1492 2887 in
1526 2843 1753 2897 omnibus)
1800 2843 1923 2887 exi-
