2066 3276
854 227 1106 273 Praefatio.
1707 229 1774 282 19

181 363 400 433 „pleant
440 367 492 416 et
531 379 668 430 quae
706 363 877 415 minus
931 363 1068 415 bene
1120 380 1153 414 a
1206 361 1358 415 nobis
1407 365 1528 414 sunt
1578 360 1775 415 tradita

179 451 424 519 „fidelius
464 456 750 521 praestent,
805 467 900 503 nos
950 451 1158 504 interim
1223 449 1412 518 Apicio
1460 449 1628 503 hocce
1678 466 1771 501 no-

179 546 341 607 ,‚str0,
392 541 479 607 qui
518 540 661 610 prius
701 540 1041 593 multifariam
1082 544 1134 593 et
1189 537 1499 607 prodigiose
1557 538 1770 592 saucius

179 633 332 695 „erat
360 634 411 681 et
436 629 661 695 lacerus,
702 645 842 682 nunc
870 633 1046 681 autem
1081 643 1246 695 opera
1278 631 1459 679 nostra
1493 626 1765 694 qualicun-

178 734 319 785 „que
349 721 399 769 et
427 722 678 783 quantum
717 717 863 770 licuit
900 716 1195 769 medicatus
1237 720 1288 768 et
1325 714 1554 768 refartus
1594 715 1769 784 splen-

177 804 421 870 „didiore
450 805 630 858 habitu
657 805 970 873 ingreditur,
1014 805 1080 857 ob
1108 804 1291 857 oculos
1321 804 1494 872 posito
1537 805 1772 858 contenti

179 894 593 961 „oblectemur“.
635 910 742 947 non
773 893 1112 962 improbitate
1140 894 1387 965 peccavit
1426 898 1479 947 et
1525 894 1767 948 volunta-

177 988 283 1036 tem
322 983 504 1037 habuit
542 982 613 1036 ad
652 983 897 1053 Apicium
938 982 1329 1036 emendandum
1366 989 1417 1037 et
1448 983 1502 1036 in
1530 984 1662 1037 locis
1694 983 1772 1038 fa-

178 1072 443 1126 cilioribus
476 1072 755 1140 aliquoties
788 1088 972 1126 verum
994 1072 1262 1128 invenisse
1287 1073 1416 1127 haut
1440 1073 1767 1143 negaverim.

259 1161 378 1216 .Sic
427 1163 479 1215 in
534 1178 694 1215 manu
734 1161 938 1217 habens
981 1162 1267 1217 editionem
1308 1163 1623 1233 principem,
1678 1163 1770 1217 hu-

176 1252 594 1319 melbergianam
636 1256 687 1306 et
725 1252 1066 1320 listerianam‚
1124 1268 1261 1322 quae
1301 1269 1397 1320 pro
1438 1269 1544 1306 una
1581 1251 1769 1307 haberi

179 1346 403 1411 possunt
441 1357 559 1394 cum
598 1341 808 1394 nonnisi
858 1342 911 1394 in
953 1341 1181 1394 minutiis
1222 1341 1538 1396 dissentiant
1584 1372 1642 1381 --
1688 1359 1770 1396 re-

177 1433 350 1499 liquas
390 1431 597 1484 silentio
639 1448 822 1501 premo
851 1463 917 1468 -
961 1435 1012 1484 et
1051 1436 1266 1502 praeter
1304 1431 1383 1485 Te
1422 1432 1579 1485 mutis
1604 1432 1770 1500 magi·

179 1520 298 1574 stris
350 1519 532 1573 similis
581 1520 875 1587 argumenti
928 1537 1034 1572 non
1088 1520 1257 1574 obiter
1311 1526 1478 1588 utenS‚
1532 1521 1770 1592 inprimis

179 1609 444 1663 veteribus
484 1608 722 1675 medicis7
764 1608 982 1679 Apicius
1024 1608 1163 1663 onim
1205 1627 1271 1663 ex
1304 1609 1608 1678 praeceptis
1643 1610 1769 1664 artis

180 1698 422 1752 medicae
463 1698 657 1765 coquit,
699 1697 841 1765 quod
882 1703 1067 1768 aperte
1108 1697 1307 1751 dictum
1334 1698 1502 1752 habes
1530 1715 1766 1770 compos.

181 1789 267 1840 29.
309 1788 392 1840 62<
440 1789 526 1840 63.
571 1788 640 1840 65
707 1789 826 1840 102.
876 1788 993 1840 103.
1042 1788 1161 1841 104.
1195 1788 1316 1841 105.
1346 1789 1470 1842 443.
1517 1793 1569 1842 et
1607 1788 1769 1855 signi-

180 1875 303 1928 ficat
342 1892 638 1949 oxyporum
680 1878 764 1929 33.
821 1878 936 1929 olus
978 1876 1134 1929 molle
1176 1878 1261 1930 97.
1305 1882 1519 1948 praeter
1559 1877 1666 1930 alia
1707 1877 1775 1931 de

182 1964 370 2033 quibus
420 1965 475 2017 in
526 1966 717 2018 notulis
770 1966 1040 2032 monitum,
1098 1970 1150 2018 et
1189 1966 1430 2018 additum
1469 1965 1680 2035 pondus
1722 1966 1776 2018 in

182 2053 356 2106 multis
397 2053 764 2121 condimentis,
807 2054 1145 2108 severissime
1182 2059 1234 2107 et
1262 2054 1667 2122 diligentissime
1693 2055 1779 2108 isti

183 2141 259 2194 rei
301 2142 588 2195 culinariae
631 2160 849 2211 operam
890 2141 1035 2210 dedi,
1078 2142 1176 2196 sed
1204 2142 1294 2195 diu
1322 2142 1607 2197 meditatus
1640 2160 1779 2198 com-

185 2235 448 2283 mentatus
504 2248 622 2285 cum
674 2249 870 2300 magno
924 2249 1043 2285 meo
1095 2231 1281 2285 dolore
1321 2232 1464 2285 sensi
1511 2232 1784 2286 codicibus

186 2328 454 2374 carentem
505 2320 633 2373 nihil
681 2321 863 2374 iuvare
921 2321 1176 2373 laborem.
1236 2320 1482 2374 demissis
1537 2321 1785 2375 auriculis

185 2425 281 2476 per
320 2409 621 2462 vastitatem
663 2409 866 2462 eiulans
905 2409 1254 2478 hominesque
1304 2408 1549 2478 deosque
1599 2410 1786 2481 implo-

187 2498 417 2558 ransab
457 2497 666 2550 Halmio
706 2501 885 2550 nostro
924 2497 1115 2550 certior
1154 2484 1269 2550 sum
1309 2499 1499 2567 factuS,
1529 2500 1783 2559 ,Wueste-

189 2602 438 2638 mannum
490 2585 689 2639 dudum
741 2586 867 2639 mihi
916 2587 1144 2640 amicum
1192 2604 1300 2640 non
1354 2587 1468 2641 sine
1511 2587 1786 2642 codicibus

188 2690 246 2727 se
290 2692 542 2728 exercere
580 2675 633 2728 in
674 2675 863 2743 Apicio
893 2676 1204 2730 retexendo.
1247 2677 1484 2729 nuntium
1514 2677 1789 2730 confirma-

189 2763 264 2814 vit
306 2763 477 2832 prima
518 2764 746 2832 epistola
784 2781 1014 2834 moxque
1064 2765 1182 2836 pari
1228 2765 1354 2832 iugo
1396 2782 1605 2819 mecum
1647 2765 1792 2825 nisus

193 2858 272 2907 est
325 2858 376 2906 et
428 2855 513 2908 lac
568 2854 923 2921 gallinaceum
979 2855 1190 2926 speravi
1234 2871 1351 2909 eum
1403 2872 1508 2908 non
1547 2854 1795 2909 ficulnum
