<?xml version="1.0" encoding="UTF-8"?>
<!DOCTYPE html PUBLIC "-//W3C//DTD XHTML 1.0 Transitional//EN"
    "http://www.w3.org/TR/xhtml1/DTD/xhtml1-transitional.dtd">
<html xmlns="http://www.w3.org/1999/xhtml" xml:lang="en" lang="en">
 <head>
  <title>
</title>
<meta http-equiv="Content-Type" content="text/html;charset=utf-8" />
  <meta name='ocr-system' content='tesseract 3.04.00' />
  <meta name='ocr-capabilities' content='ocr_page ocr_carea ocr_par ocr_line ocrx_word'/>
</head>
<body>
  <div class='ocr_page' id='page_1' title='image "./derecoquinarilib00apicrich_0111.png"; bbox 0 0 2066 3276; ppageno 0'>
   <div class='ocr_carea' id='block_1_1' title="bbox 657 268 1674 329">
    <p class='ocr_par' dir='ltr' id='par_1_1' title="bbox 657 268 1674 329">
     <span class='ocr_line' id='line_1_1' title="bbox 657 268 1674 329; baseline 0.004 -11"><span class='ocrx_word' id='word_1_1' title='bbox 657 271 755 318; x_wconf 88' lang='lat' dir='ltr'><strong>Lib.</strong></span> <span class='ocrx_word' id='word_1_2' title='bbox 795 270 845 317; x_wconf 88' lang='lat' dir='ltr'>V.</span> <span class='ocrx_word' id='word_1_3' title='bbox 911 271 1125 329; x_wconf 84' lang='lat' dir='ltr'>Ospreos.</span> <span class='ocrx_word' id='word_1_4' title='bbox 1574 268 1674 322; x_wconf 85' lang='lat'>107</span> 
     </span>
    </p>
   </div>
   <div class='ocr_carea' id='block_1_2' title="bbox 79 400 1680 1653">
    <p class='ocr_par' dir='ltr' id='par_1_2' title="bbox 91 400 1677 624">
     <span class='ocr_line' id='line_1_2' title="bbox 91 400 1676 473; baseline -0.004 -14"><span class='ocrx_word' id='word_1_5' title='bbox 91 423 233 473; x_wconf 87' lang='lat' dir='ltr'>num,</span> <span class='ocrx_word' id='word_1_6' title='bbox 289 406 430 460; x_wconf 84' lang='lat' dir='ltr'>carei</span> <span class='ocrx_word' id='word_1_7' title='bbox 482 405 764 472; x_wconf 90' lang='lat' dir='ltr'>modicum,</span> <span class='ocrx_word' id='word_1_8' title='bbox 818 403 1091 458; x_wconf 81' lang='lat' dir='ltr'>suffundes</span> <span class='ocrx_word' id='word_1_9' title='bbox 1151 402 1232 456; x_wconf 90' lang='lat' dir='ltr'>ius</span> <span class='ocrx_word' id='word_1_10' title='bbox 1286 401 1354 456; x_wconf 90' lang='lat' dir='ltr'>de</span> <span class='ocrx_word' id='word_1_11' title='bbox 1407 418 1504 455; x_wconf 90' lang='lat' dir='ltr'>suo</span> <span class='ocrx_word' id='word_1_12' title='bbox 1558 400 1676 468; x_wconf 90' lang='lat' dir='ltr'>sibi,</span> 
     </span>
     <span class='ocr_line' id='line_1_3' title="bbox 92 475 1677 550; baseline -0.003 -18"><span class='ocrx_word' id='word_1_13' title='bbox 92 481 212 533; x_wconf 87' lang='lat' dir='ltr'>vino</span> <span class='ocrx_word' id='word_1_14' title='bbox 257 484 308 533; x_wconf 91' lang='lat' dir='ltr'>et</span> <span class='ocrx_word' id='word_1_15' title='bbox 346 497 508 549; x_wconf 86' lang='lat' dir='ltr'>passo</span> <span class='ocrx_word' id='word_1_16' title='bbox 549 480 892 550; x_wconf 78' lang='lat' dir='ltr'>temperabis,</span> <span class='ocrx_word' id='word_1_17' title='bbox 935 479 1114 548; x_wconf 89' lang='lat' dir='ltr'>sepias</span> <span class='ocrx_word' id='word_1_18' title='bbox 1152 476 1447 530; x_wconf 82' lang='lat' dir='ltr'><strong>minutatim</strong></span> <span class='ocrx_word' id='word_1_19' title='bbox 1500 475 1677 530; x_wconf 89' lang='lat' dir='ltr'>conci-</span> 
     </span>
     <span class='ocr_line' id='line_1_4' title="bbox 93 553 1300 624; baseline -0.004 -16"><span class='ocrx_word' id='word_1_20' title='bbox 93 554 174 608; x_wconf 89' lang='lat' dir='ltr'>dis</span> <span class='ocrx_word' id='word_1_21' title='bbox 216 558 267 607; x_wconf 88' lang='lat' dir='ltr'>et</span> <span class='ocrx_word' id='word_1_22' title='bbox 305 555 359 608; x_wconf 90' lang='lat' dir='ltr'>in</span> <span class='ocrx_word' id='word_1_23' title='bbox 398 555 571 624; x_wconf 88' lang='lat' dir='ltr'>pisam</span> <span class='ocrx_word' id='word_1_24' title='bbox 611 555 786 607; x_wconf 89' lang='lat' dir='ltr'>mittis.</span> <span class='ocrx_word' id='word_1_25' title='bbox 829 553 985 623; x_wconf 85' lang='lat' dir='ltr'>piper</span> <span class='ocrx_word' id='word_1_26' title='bbox 1024 568 1300 623; x_wconf 80' lang='lat' dir='ltr'>aspargeS.</span> 
     </span>
    </p>

    <p class='ocr_par' dir='ltr' id='par_1_3' title="bbox 83 622 1680 1053">
     <span class='ocr_line' id='line_1_5' title="bbox 205 622 1676 694; baseline -0.003 -14"><span class='ocrx_word' id='word_1_27' title='bbox 205 629 324 680; x_wconf 83' lang='grc'>196.</span> <span class='ocrx_word' id='word_1_28' title='bbox 379 629 558 680; x_wconf 90' lang='lat' dir='ltr'>Pisam</span> <span class='ocrx_word' id='word_1_29' title='bbox 611 644 807 694; x_wconf 89' lang='lat' dir='ltr'>coques</span> <span class='ocrx_word' id='word_1_30' title='bbox 861 644 924 679; x_wconf 90' lang='lat' dir='ltr'>ac</span> <span class='ocrx_word' id='word_1_31' title='bbox 966 627 1121 680; x_wconf 81' lang='lat' dir='ltr'>liabis</span> <span class='ocrx_word' id='word_1_32' title='bbox 1164 631 1216 679; x_wconf 89' lang='lat' dir='ltr'>et</span> <span class='ocrx_word' id='word_1_33' title='bbox 1255 624 1429 677; x_wconf 92' lang='lat' dir='ltr'>mittes</span> <span class='ocrx_word' id='word_1_34' title='bbox 1481 624 1535 676; x_wconf 90' lang='lat' dir='ltr'>in</span> <span class='ocrx_word' id='word_1_35' title='bbox 1589 622 1676 676; x_wconf 86' lang='lat' dir='ltr'>fri-</span> 
     </span>
     <span class='ocr_line' id='line_1_6' title="bbox 87 698 1679 769; baseline -0.003 -15"><span class='ocrx_word' id='word_1_36' title='bbox 87 701 282 769; x_wconf 85' lang='lat' dir='ltr'>gidam.</span> <span class='ocrx_word' id='word_1_37' title='bbox 329 719 443 755; x_wconf 90' lang='lat' dir='ltr'>cum</span> <span class='ocrx_word' id='word_1_38' title='bbox 485 701 897 769; x_wconf 77' lang='lat' dir='ltr'><strong>refrigeraverit,</strong></span> <span class='ocrx_word' id='word_1_39' title='bbox 942 700 1138 754; x_wconf 85' lang='lat' dir='ltr'>deinde</span> <span class='ocrx_word' id='word_1_40' title='bbox 1188 698 1448 766; x_wconf 79' lang='lat' dir='ltr'>agitabis:</span> <span class='ocrx_word' id='word_1_41' title='bbox 1503 698 1679 751; x_wconf 85' lang='lat' dir='ltr'>conci·</span> 
     </span>
     <span class='ocr_line' id='line_1_7' title="bbox 89 773 1680 844; baseline -0.003 -17"><span class='ocrx_word' id='word_1_42' title='bbox 89 776 186 829; x_wconf 91' lang='lat' dir='ltr'>des</span> <span class='ocrx_word' id='word_1_43' title='bbox 228 793 415 844; x_wconf 88' lang='lat' dir='ltr'>cepam</span> <span class='ocrx_word' id='word_1_44' title='bbox 456 775 752 828; x_wconf 81' lang='lat' dir='ltr'>minutatim</span> <span class='ocrx_word' id='word_1_45' title='bbox 798 780 848 828; x_wconf 86' lang='lat' dir='ltr'>et</span> <span class='ocrx_word' id='word_1_46' title='bbox 888 775 1249 827; x_wconf 90' lang='lat' dir='ltr'>albamentum</span> <span class='ocrx_word' id='word_1_47' title='bbox 1292 773 1394 839; x_wconf 88' lang='lat' dir='ltr'>ovi,</span> <span class='ocrx_word' id='word_1_48' title='bbox 1451 773 1570 825; x_wconf 93' lang='lat' dir='ltr'>oleo</span> <span class='ocrx_word' id='word_1_49' title='bbox 1627 774 1680 824; x_wconf 88' lang='lat' dir='ltr'>et</span> 
     </span>
     <span class='ocr_line' id='line_1_8' title="bbox 85 844 1678 914; baseline -0.003 -12"><span class='ocrx_word' id='word_1_50' title='bbox 85 850 199 903; x_wconf 89' lang='lat' dir='ltr'>sale</span> <span class='ocrx_word' id='word_1_51' title='bbox 242 849 475 914; x_wconf 91' lang='lat' dir='ltr'>condies,</span> <span class='ocrx_word' id='word_1_52' title='bbox 517 849 657 903; x_wconf 86' lang='lat' dir='ltr'>aceti</span> <span class='ocrx_word' id='word_1_53' title='bbox 696 848 980 902; x_wconf 90' lang='lat' dir='ltr'>modicum.</span> <span class='ocrx_word' id='word_1_54' title='bbox 1025 848 1227 902; x_wconf 82' lang='lat' dir='ltr'>adicies</span> <span class='ocrx_word' id='word_1_55' title='bbox 1266 847 1321 899; x_wconf 92' lang='lat' dir='ltr'>in</span> <span class='ocrx_word' id='word_1_56' title='bbox 1351 846 1578 900; x_wconf 88' lang='lat' dir='ltr'>boletari</span> <span class='ocrx_word' id='word_1_57' title='bbox 1602 844 1678 899; x_wconf 87' lang='lat' dir='ltr'>vi-</span> 
     </span>
     <span class='ocr_line' id='line_1_9' title="bbox 83 919 1677 991; baseline -0.001 -16"><span class='ocrx_word' id='word_1_58' title='bbox 83 924 263 977; x_wconf 88' lang='lat' dir='ltr'>tellum</span> <span class='ocrx_word' id='word_1_59' title='bbox 306 923 391 975; x_wconf 63' lang='grc'>0171</span> <span class='ocrx_word' id='word_1_60' title='bbox 431 923 584 991; x_wconf 83' lang='grc'>80811,</span> <span class='ocrx_word' id='word_1_61' title='bbox 627 923 852 989; x_wconf 88' lang='lat' dir='ltr'>coloras,</span> <span class='ocrx_word' id='word_1_62' title='bbox 893 922 1112 991; x_wconf 89' lang='lat' dir='ltr'>insuper</span> <span class='ocrx_word' id='word_1_63' title='bbox 1153 922 1329 976; x_wconf 92' lang='lat' dir='ltr'>oleum</span> <span class='ocrx_word' id='word_1_64' title='bbox 1357 920 1529 974; x_wconf 88' lang='lat' dir='ltr'>viride</span> <span class='ocrx_word' id='word_1_65' title='bbox 1562 919 1677 974; x_wconf 89' lang='lat' dir='ltr'>mit-</span> 
     </span>
     <span class='ocr_line' id='line_1_10' title="bbox 84 996 498 1053; baseline -0.002 -2"><span class='ocrx_word' id='word_1_66' title='bbox 84 998 149 1051; x_wconf 84' lang='lat' dir='ltr'>tis</span> <span class='ocrx_word' id='word_1_67' title='bbox 194 1001 246 1050; x_wconf 92' lang='lat' dir='ltr'>et</span> <span class='ocrx_word' id='word_1_68' title='bbox 284 996 498 1053; x_wconf 78' lang='lat' dir='ltr'>inferes,</span> 
     </span>
    </p>

    <p class='ocr_par' dir='ltr' id='par_1_4' title="bbox 79 1067 1680 1653">
     <span class='ocr_line' id='line_1_11' title="bbox 198 1067 1675 1124; baseline -0.003 -1"><span class='ocrx_word' id='word_1_69' title='bbox 198 1072 317 1124; x_wconf 82' lang='lat'>197.</span> <span class='ocrx_word' id='word_1_70' title='bbox 392 1070 621 1124; x_wconf 90' lang='lat' dir='ltr'>Pisam</span> <span class='ocrx_word' id='word_1_71' title='bbox 685 1070 1128 1123; x_wconf 86' lang='lat' dir='ltr'>vitellianam</span> <span class='ocrx_word' id='word_1_72' title='bbox 1194 1068 1343 1122; x_wconf 85' lang='lat' dir='ltr'>sive</span> <span class='ocrx_word' id='word_1_73' title='bbox 1413 1067 1675 1121; x_wconf 88' lang='lat' dir='ltr'>fabam:</span> 
     </span>
     <span class='ocr_line' id='line_1_12' title="bbox 81 1142 1678 1213; baseline -0.003 -15"><span class='ocrx_word' id='word_1_74' title='bbox 81 1145 253 1213; x_wconf 86' lang='lat' dir='ltr'>pisam</span> <span class='ocrx_word' id='word_1_75' title='bbox 293 1161 507 1212; x_wconf 77' lang='lat' dir='ltr'>coques,</span> <span class='ocrx_word' id='word_1_76' title='bbox 548 1144 664 1198; x_wconf 77' lang='lat' dir='ltr'>lias</span> <span class='ocrx_word' id='word_1_77' title='bbox 707 1150 848 1198; x_wconf 89' lang='lat' dir='ltr'>teres</span> <span class='ocrx_word' id='word_1_78' title='bbox 884 1144 1053 1213; x_wconf 88' lang='lat' dir='ltr'>piper,</span> <span class='ocrx_word' id='word_1_79' title='bbox 1081 1143 1386 1211; x_wconf 89' lang='lat' dir='ltr'>ligisticum,</span> <span class='ocrx_word' id='word_1_80' title='bbox 1429 1142 1678 1210; x_wconf 82' lang='lat' dir='ltr'>gingiber</span> 
     </span>
     <span class='ocr_line' id='line_1_13' title="bbox 83 1218 1678 1287; baseline -0.001 -15"><span class='ocrx_word' id='word_1_81' title='bbox 83 1224 135 1272; x_wconf 87' lang='lat' dir='ltr'>et</span> <span class='ocrx_word' id='word_1_82' title='bbox 187 1235 347 1287; x_wconf 86' lang='lat' dir='ltr'>super</span> <span class='ocrx_word' id='word_1_83' title='bbox 401 1218 740 1272; x_wconf 89' lang='lat' dir='ltr'>condimenta</span> <span class='ocrx_word' id='word_1_84' title='bbox 804 1218 964 1271; x_wconf 87' lang='lat' dir='ltr'>mittis</span> <span class='ocrx_word' id='word_1_85' title='bbox 1016 1219 1199 1271; x_wconf 88' lang='lat' dir='ltr'>vitella</span> <span class='ocrx_word' id='word_1_86' title='bbox 1262 1234 1484 1271; x_wconf 85' lang='lat' dir='ltr'>ovorum</span> <span class='ocrx_word' id='word_1_87' title='bbox 1538 1232 1678 1283; x_wconf 88' lang='lat' dir='ltr'>quae</span> 
     </span>
     <span class='ocr_line' id='line_1_14' title="bbox 83 1290 1676 1358; baseline -0.002 -13"><span class='ocrx_word' id='word_1_88' title='bbox 83 1292 215 1346; x_wconf 90' lang='lat' dir='ltr'>dura</span> <span class='ocrx_word' id='word_1_89' title='bbox 255 1293 480 1346; x_wconf 77' lang='lat' dir='ltr'>coxeris.</span> <span class='ocrx_word' id='word_1_90' title='bbox 523 1293 694 1347; x_wconf 86' lang='lat' dir='ltr'>mellis</span> <span class='ocrx_word' id='word_1_91' title='bbox 733 1310 854 1346; x_wconf 90' lang='lat' dir='ltr'>unc.</span> <span class='ocrx_word' id='word_1_92' title='bbox 907 1294 1006 1345; x_wconf 89' lang='lat' dir='ltr'>III.</span> <span class='ocrx_word' id='word_1_93' title='bbox 1047 1297 1206 1358; x_wconf 85' lang='grc'>18188,</span> <span class='ocrx_word' id='word_1_94' title='bbox 1260 1292 1548 1358; x_wconf 87' lang='lat' dir='ltr'>liquamen,</span> <span class='ocrx_word' id='word_1_95' title='bbox 1601 1290 1676 1342; x_wconf 86' lang='lat' dir='ltr'>vi-</span> 
     </span>
     <span class='ocr_line' id='line_1_15' title="bbox 81 1366 1679 1421; baseline -0.003 -1"><span class='ocrx_word' id='word_1_96' title='bbox 81 1384 205 1420; x_wconf 92' lang='lat' dir='ltr'>num</span> <span class='ocrx_word' id='word_1_97' title='bbox 247 1372 299 1420; x_wconf 87' lang='lat' dir='ltr'>et</span> <span class='ocrx_word' id='word_1_98' title='bbox 338 1372 562 1420; x_wconf 90' lang='lat' dir='ltr'>acetum.</span> <span class='ocrx_word' id='word_1_99' title='bbox 604 1367 742 1421; x_wconf 89' lang='lat' dir='ltr'>haec</span> <span class='ocrx_word' id='word_1_100' title='bbox 784 1367 961 1420; x_wconf 89' lang='lat' dir='ltr'>omnia</span> <span class='ocrx_word' id='word_1_101' title='bbox 1001 1366 1160 1419; x_wconf 88' lang='lat' dir='ltr'>mittis</span> <span class='ocrx_word' id='word_1_102' title='bbox 1198 1367 1254 1418; x_wconf 93' lang='lat' dir='ltr'>in</span> <span class='ocrx_word' id='word_1_103' title='bbox 1295 1366 1587 1419; x_wconf 85' lang='lat' dir='ltr'>caccabum</span> <span class='ocrx_word' id='word_1_104' title='bbox 1626 1369 1679 1418; x_wconf 92' lang='lat' dir='ltr'>et</span> 
     </span>
     <span class='ocr_line' id='line_1_16' title="bbox 83 1439 1680 1509; baseline -0.001 -15"><span class='ocrx_word' id='word_1_105' title='bbox 83 1441 476 1494; x_wconf 85' lang='lat' dir='ltr'>condimentum</span> <span class='ocrx_word' id='word_1_106' title='bbox 529 1459 666 1509; x_wconf 90' lang='lat' dir='ltr'>quae</span> <span class='ocrx_word' id='word_1_107' title='bbox 730 1441 919 1494; x_wconf 87' lang='lat' dir='ltr'>trivisti</span> <span class='ocrx_word' id='word_1_108' title='bbox 970 1440 1182 1494; x_wconf 88' lang='lat' dir='ltr'>adiecto</span> <span class='ocrx_word' id='word_1_109' title='bbox 1238 1441 1357 1494; x_wconf 92' lang='lat' dir='ltr'>oleo</span> <span class='ocrx_word' id='word_1_110' title='bbox 1412 1439 1568 1508; x_wconf 90' lang='lat' dir='ltr'>ponis</span> <span class='ocrx_word' id='word_1_111' title='bbox 1623 1442 1680 1492; x_wconf 87' lang='lat' dir='ltr'>ut</span> 
     </span>
     <span class='ocr_line' id='line_1_17' title="bbox 80 1513 1677 1585; baseline -0.001 -17"><span class='ocrx_word' id='word_1_112' title='bbox 80 1514 300 1568; x_wconf 88' lang='lat' dir='ltr'>ferveat.</span> <span class='ocrx_word' id='word_1_113' title='bbox 344 1515 562 1568; x_wconf 86' lang='lat' dir='ltr'>condies</span> <span class='ocrx_word' id='word_1_114' title='bbox 590 1515 777 1585; x_wconf 87' lang='lat' dir='ltr'>pisam.</span> <span class='ocrx_word' id='word_1_115' title='bbox 820 1516 974 1582; x_wconf 83' lang='lat' dir='ltr'>libas,</span> <span class='ocrx_word' id='word_1_116' title='bbox 1015 1515 1062 1568; x_wconf 89' lang='grc'>81</span> <span class='ocrx_word' id='word_1_117' title='bbox 1089 1531 1284 1584; x_wconf 87' lang='lat' dir='ltr'>aspera</span> <span class='ocrx_word' id='word_1_118' title='bbox 1310 1514 1484 1581; x_wconf 84' lang='lat' dir='ltr'>fuerit,</span> <span class='ocrx_word' id='word_1_119' title='bbox 1518 1513 1677 1567; x_wconf 90' lang='lat' dir='ltr'>melle</span> 
     </span>
     <span class='ocr_line' id='line_1_18' title="bbox 79 1589 560 1653; baseline 0.004 -12"><span class='ocrx_word' id='word_1_120' title='bbox 79 1589 218 1642; x_wconf 88' lang='lat' dir='ltr'>mitis</span> <span class='ocrx_word' id='word_1_121' title='bbox 260 1594 311 1642; x_wconf 88' lang='lat' dir='ltr'>et</span> <span class='ocrx_word' id='word_1_122' title='bbox 348 1589 560 1653; x_wconf 72' lang='lat' dir='ltr'>inferes</span> 
     </span>
    </p>
   </div>
   <div class='ocr_carea' id='block_1_3' title="bbox 924 1734 1680 1781">
    <p class='ocr_par' dir='ltr' id='par_1_5' title="bbox 924 1734 1680 1781">
     <span class='ocr_line' id='line_1_19' title="bbox 924 1734 1680 1781; baseline 0 -1"><span class='ocrx_word' id='word_1_123' title='bbox 924 1740 1104 1781; x_wconf 86' lang='lat' dir='ltr'>nantur.</span> <span class='ocrx_word' id='word_1_124' title='bbox 1148 1735 1366 1780; x_wconf 87' lang='lat' dir='ltr'>Vitellius</span> <span class='ocrx_word' id='word_1_125' title='bbox 1401 1734 1513 1779; x_wconf 87' lang='lat' dir='ltr'>facit</span> <span class='ocrx_word' id='word_1_126' title='bbox 1546 1735 1680 1780; x_wconf 92' lang='lat' dir='ltr'>vitel-</span> 
     </span>
    </p>
   </div>
   <div class='ocr_carea' id='block_1_4' title="bbox 81 1734 1679 1847">
    <p class='ocr_par' dir='ltr' id='par_1_6' title="bbox 81 1734 1679 1847">
     <span class='ocr_line' id='line_1_20' title="bbox 81 1734 832 1792; baseline -0.008 -13"><span class='ocrx_word' id='word_1_127' title='bbox 81 1736 235 1780; x_wconf 89' lang='lat' dir='ltr'>indico</span> <span class='ocrx_word' id='word_1_128' title='bbox 268 1736 416 1792; x_wconf 87' lang='lat' dir='ltr'>nigro,</span> <span class='ocrx_word' id='word_1_129' title='bbox 455 1738 514 1775; x_wconf 80' lang='grc' dir='ltr'>τῶ</span> <span class='ocrx_word' id='word_1_130' title='bbox 551 1734 708 1791; x_wconf 75' lang='grc' dir='ltr'><strong><em>ἲνὸικῷ,</em></strong></span> <span class='ocrx_word' id='word_1_131' title='bbox 751 1750 832 1781; x_wconf 91' lang='lat' dir='ltr'>no-</span> 
     </span>
     <span class='ocr_line' id='line_1_21' title="bbox 924 1795 1679 1847; baseline 0.001 -7"><span class='ocrx_word' id='word_1_132' title='bbox 924 1797 1074 1840; x_wconf 87' lang='lat' dir='ltr'>lianus</span> <span class='ocrx_word' id='word_1_133' title='bbox 1107 1800 1154 1840; x_wconf 90' lang='lat' dir='ltr'>et</span> <span class='ocrx_word' id='word_1_134' title='bbox 1185 1796 1436 1847; x_wconf 82' lang='lat' dir='ltr'>vitellinus‚</span> <span class='ocrx_word' id='word_1_135' title='bbox 1478 1799 1531 1839; x_wconf 94' lang='lat' dir='ltr'>ut</span> <span class='ocrx_word' id='word_1_136' title='bbox 1563 1795 1679 1841; x_wconf 91' lang='lat' dir='ltr'>Dru-</span> 
     </span>
    </p>
   </div>
   <div class='ocr_carea' id='block_1_5' title="bbox 81 1794 833 1840">
    <p class='ocr_par' dir='ltr' id='par_1_7' title="bbox 81 1794 833 1840">
     <span class='ocr_line' id='line_1_22' title="bbox 81 1794 833 1840; baseline 0.003 -2"><span class='ocrx_word' id='word_1_137' title='bbox 81 1795 153 1839; x_wconf 83' lang='lat' dir='ltr'>bis</span> <span class='ocrx_word' id='word_1_138' title='bbox 187 1795 334 1839; x_wconf 85' lang='lat' dir='ltr'>tusch.</span> <span class='ocrx_word' id='word_1_139' title='bbox 369 1794 424 1839; x_wconf 87' lang='lat' dir='ltr'>cf.</span> <span class='ocrx_word' id='word_1_140' title='bbox 452 1795 720 1840; x_wconf 88' lang='lat' dir='ltr'>Beckmann</span> <span class='ocrx_word' id='word_1_141' title='bbox 750 1797 833 1840; x_wconf 90' lang='lat' dir='ltr'>Er-</span> 
     </span>
    </p>
   </div>
   <div class='ocr_carea' id='block_1_6' title="bbox 78 1851 833 2975">
    <p class='ocr_par' dir='ltr' id='par_1_8' title="bbox 78 1851 833 2975">
     <span class='ocr_line' id='line_1_23' title="bbox 82 1851 833 1912; baseline 0.001 -14"><span class='ocrx_word' id='word_1_142' title='bbox 82 1851 190 1899; x_wconf 85' lang='lat' dir='ltr'>find.</span> <span class='ocrx_word' id='word_1_143' title='bbox 232 1854 296 1898; x_wconf 91' lang='lat' dir='ltr'>IV</span> <span class='ocrx_word' id='word_1_144' title='bbox 337 1868 380 1910; x_wconf 89' lang='lat' dir='ltr'>p.</span> <span class='ocrx_word' id='word_1_145' title='bbox 414 1854 517 1900; x_wconf 87' lang='grc'>490.</span> <span class='ocrx_word' id='word_1_146' title='bbox 561 1869 688 1912; x_wconf 88' lang='lat' dir='ltr'>seqq.</span> <span class='ocrx_word' id='word_1_147' title='bbox 731 1869 833 1901; x_wconf 90' lang='lat' dir='ltr'>cum</span> 
     </span>
     <span class='ocr_line' id='line_1_24' title="bbox 81 1914 830 1967; baseline 0.001 -10"><span class='ocrx_word' id='word_1_148' title='bbox 81 1914 199 1957; x_wconf 81' lang='lat' dir='ltr'>Plin.</span> <span class='ocrx_word' id='word_1_149' title='bbox 232 1915 303 1965; x_wconf 99' lang='lat'>35,</span> <span class='ocrx_word' id='word_1_150' title='bbox 336 1914 406 1957; x_wconf 86' lang='lat'>43.</span> <span class='ocrx_word' id='word_1_151' title='bbox 446 1914 621 1959; x_wconf 89' lang='lat' dir='ltr'>Athen.</span> <span class='ocrx_word' id='word_1_152' title='bbox 657 1917 697 1967; x_wconf 91' lang='lat'>7,</span> <span class='ocrx_word' id='word_1_153' title='bbox 736 1915 830 1958; x_wconf 83' lang='lat'>124.</span> 
     </span>
     <span class='ocr_line' id='line_1_25' title="bbox 83 1973 831 2029; baseline 0.001 -12"><span class='ocrx_word' id='word_1_154' title='bbox 83 1974 123 2024; x_wconf 83' lang='lat'>8,</span> <span class='ocrx_word' id='word_1_155' title='bbox 158 1974 226 2017; x_wconf 90' lang='lat'>53.</span> <span class='ocrx_word' id='word_1_156' title='bbox 264 1999 317 2004; x_wconf 91' lang='lat'>—</span> <span class='ocrx_word' id='word_1_157' title='bbox 362 1973 696 2029; x_wconf 83' lang='lat' dir='ltr'>despumav.</span> <span class='ocrx_word' id='word_1_158' title='bbox 734 1976 831 2018; x_wconf 84' lang='lat'>193.</span> 
     </span>
     <span class='ocr_line' id='line_1_26' title="bbox 170 2033 830 2078; baseline 0.002 -3"><span class='ocrx_word' id='word_1_159' title='bbox 170 2033 232 2076; x_wconf 89' lang='lat' dir='ltr'>ad</span> <span class='ocrx_word' id='word_1_160' title='bbox 263 2033 357 2076; x_wconf 86' lang='grc'>196.</span> <span class='ocrx_word' id='word_1_161' title='bbox 394 2044 460 2076; x_wconf 89' lang='lat' dir='ltr'>ac</span> <span class='ocrx_word' id='word_1_162' title='bbox 492 2033 681 2078; x_wconf 88' lang='lat' dir='ltr'>liabis</span> <span class='ocrx_word' id='word_1_163' title='bbox 716 2047 830 2078; x_wconf 86' lang='lat' dir='ltr'>corr.</span> 
     </span>
     <span class='ocr_line' id='line_1_27' title="bbox 82 2093 832 2148; baseline 0.003 -14"><span class='ocrx_word' id='word_1_164' title='bbox 82 2105 138 2135; x_wconf 87' lang='lat' dir='ltr'>ex</span> <span class='ocrx_word' id='word_1_165' title='bbox 185 2093 280 2135; x_wconf 82' lang='lat'>197.</span> <span class='ocrx_word' id='word_1_166' title='bbox 320 2105 405 2147; x_wconf 87' lang='lat' dir='ltr'>pro</span> <span class='ocrx_word' id='word_1_167' title='bbox 450 2093 740 2148; x_wconf 79' lang='lat' dir='ltr'>agitabiS‚</span> <span class='ocrx_word' id='word_1_168' title='bbox 784 2097 832 2138; x_wconf 89' lang='grc'>81</span> 
     </span>
     <span class='ocr_line' id='line_1_28' title="bbox 81 2149 832 2207; baseline 0.004 -14"><span class='ocrx_word' id='word_1_169' title='bbox 81 2150 223 2207; x_wconf 86' lang='lat' dir='ltr'>frigi</span> <span class='ocrx_word' id='word_1_170' title='bbox 237 2151 266 2194; x_wconf 83' lang='lat' dir='ltr'>d</span> <span class='ocrx_word' id='word_1_171' title='bbox 280 2164 308 2194; x_wconf 92' lang='lat' dir='ltr'>u</span> <span class='ocrx_word' id='word_1_172' title='bbox 321 2165 363 2194; x_wconf 92' lang='lat' dir='ltr'>m</span> <span class='ocrx_word' id='word_1_173' title='bbox 390 2149 678 2207; x_wconf 82' lang='lat' dir='ltr'>frigidarium</span> <span class='ocrx_word' id='word_1_174' title='bbox 702 2153 832 2196; x_wconf 89' lang='lat' dir='ltr'>volui</span> 
     </span>
     <span class='ocr_line' id='line_1_29' title="bbox 81 2209 832 2267; baseline 0.005 -15"><span class='ocrx_word' id='word_1_175' title='bbox 81 2223 165 2265; x_wconf 90' lang='lat' dir='ltr'>pro</span> <span class='ocrx_word' id='word_1_176' title='bbox 193 2209 316 2265; x_wconf 87' lang='lat' dir='ltr'>frig</span> <span class='ocrx_word' id='word_1_177' title='bbox 332 2210 344 2253; x_wconf 88' lang='lat' dir='ltr'>i</span> <span class='ocrx_word' id='word_1_178' title='bbox 360 2210 485 2253; x_wconf 85' lang='lat' dir='ltr'>dam</span> <span class='ocrx_word' id='word_1_179' title='bbox 503 2224 684 2267; x_wconf 86' lang='lat' dir='ltr'>aquam,</span> <span class='ocrx_word' id='word_1_180' title='bbox 706 2212 832 2267; x_wconf 88' lang='lat' dir='ltr'>quod</span> 
     </span>
     <span class='ocr_line' id='line_1_30' title="bbox 80 2269 830 2316; baseline 0.005 -5"><span class='ocrx_word' id='word_1_181' title='bbox 80 2282 248 2313; x_wconf 89' lang='lat' dir='ltr'>nomen</span> <span class='ocrx_word' id='word_1_182' title='bbox 281 2269 453 2313; x_wconf 86' lang='lat' dir='ltr'>adiecit</span> <span class='ocrx_word' id='word_1_183' title='bbox 481 2270 694 2314; x_wconf 87' lang='lat' dir='ltr'>librarius</span> <span class='ocrx_word' id='word_1_184' title='bbox 727 2271 830 2316; x_wconf 79' lang='lat' dir='ltr'>cod.</span> 
     </span>
     <span class='ocr_line' id='line_1_31' title="bbox 80 2329 831 2386; baseline 0.003 -16"><span class='ocrx_word' id='word_1_185' title='bbox 80 2340 176 2383; x_wconf 87' lang='lat' dir='ltr'>par.</span> <span class='ocrx_word' id='word_1_186' title='bbox 213 2354 264 2358; x_wconf 88' lang='lat'>—</span> <span class='ocrx_word' id='word_1_187' title='bbox 311 2329 584 2384; x_wconf 84' lang='lat' dir='ltr'>agitabis</span> <span class='ocrx_word' id='word_1_188' title='bbox 624 2331 831 2386; x_wconf 84' lang='lat' dir='ltr'>coagita-</span> 
     </span>
     <span class='ocr_line' id='line_1_32' title="bbox 78 2386 831 2444; baseline 0.003 -15"><span class='ocrx_word' id='word_1_189' title='bbox 78 2387 152 2430; x_wconf 87' lang='lat' dir='ltr'>bis</span> <span class='ocrx_word' id='word_1_190' title='bbox 184 2387 280 2430; x_wconf 86' lang='lat' dir='ltr'>iure</span> <span class='ocrx_word' id='word_1_191' title='bbox 312 2386 431 2430; x_wconf 88' lang='lat' dir='ltr'>infra</span> <span class='ocrx_word' id='word_1_192' title='bbox 463 2389 655 2444; x_wconf 76' lang='lat' dir='ltr'>scripto.</span> <span class='ocrx_word' id='word_1_193' title='bbox 688 2414 746 2420; x_wconf 89' lang='lat'>--</span> <span class='ocrx_word' id='word_1_194' title='bbox 777 2390 831 2432; x_wconf 94' lang='lat' dir='ltr'>in</span> 
     </span>
     <span class='ocr_line' id='line_1_33' title="bbox 79 2446 830 2492; baseline 0.001 -3"><span class='ocrx_word' id='word_1_195' title='bbox 79 2446 345 2489; x_wconf 91' lang='lat' dir='ltr'>boletam</span> <span class='ocrx_word' id='word_1_196' title='bbox 388 2461 440 2490; x_wconf 90' lang='lat' dir='ltr'>v.</span> <span class='ocrx_word' id='word_1_197' title='bbox 486 2461 537 2491; x_wconf 94' lang='grc'>0.</span> <span class='ocrx_word' id='word_1_198' title='bbox 586 2461 634 2492; x_wconf 90' lang='grc'>8.</span> <span class='ocrx_word' id='word_1_199' title='bbox 670 2448 830 2491; x_wconf 88' lang='lat' dir='ltr'>colas</span> 
     </span>
     <span class='ocr_line' id='line_1_34' title="bbox 78 2504 318 2548; baseline -0.004 -1"><span class='ocrx_word' id='word_1_200' title='bbox 78 2505 147 2547; x_wconf 91' lang='lat' dir='ltr'>in.</span> <span class='ocrx_word' id='word_1_201' title='bbox 184 2504 318 2548; x_wconf 89' lang='lat' dir='ltr'>codd.</span> 
     </span>
     <span class='ocr_line' id='line_1_35' title="bbox 167 2552 832 2608; baseline -0.003 -3"><span class='ocrx_word' id='word_1_202' title='bbox 167 2552 746 2608; x_wconf 72' lang='lat' dir='ltr'>ad197.vite111nam</span> <span class='ocrx_word' id='word_1_203' title='bbox 776 2567 832 2603; x_wconf 61' lang='lat' dir='ltr'>a.</span> 
     </span>
     <span class='ocr_line' id='line_1_36' title="bbox 79 2622 831 2678; baseline 0 -12"><span class='ocrx_word' id='word_1_204' title='bbox 79 2627 126 2666; x_wconf 89' lang='lat' dir='ltr'>et</span> <span class='ocrx_word' id='word_1_205' title='bbox 159 2626 192 2661; x_wconf 69' lang='grc' dir='ltr'><em>θ</em></span> <span class='ocrx_word' id='word_1_206' title='bbox 222 2622 321 2665; x_wconf 86' lang='grc'>201.</span> <span class='ocrx_word' id='word_1_207' title='bbox 367 2623 487 2666; x_wconf 91' lang='lat' dir='ltr'>unde</span> <span class='ocrx_word' id='word_1_208' title='bbox 530 2628 664 2678; x_wconf 86' lang='lat' dir='ltr'>patet</span> <span class='ocrx_word' id='word_1_209' title='bbox 705 2636 733 2665; x_wconf 87' lang='lat' dir='ltr'>a</span> <span class='ocrx_word' id='word_1_210' title='bbox 766 2624 831 2667; x_wconf 89' lang='lat' dir='ltr'>vi-</span> 
     </span>
     <span class='ocr_line' id='line_1_37' title="bbox 80 2681 829 2726; baseline 0.004 -3"><span class='ocrx_word' id='word_1_211' title='bbox 80 2681 205 2724; x_wconf 84' lang='lat' dir='ltr'>tellis</span> <span class='ocrx_word' id='word_1_212' title='bbox 240 2695 431 2724; x_wconf 88' lang='lat' dir='ltr'>ovorum</span> <span class='ocrx_word' id='word_1_213' title='bbox 450 2695 540 2725; x_wconf 84' lang='lat' dir='ltr'>non</span> <span class='ocrx_word' id='word_1_214' title='bbox 560 2682 731 2726; x_wconf 85' lang='lat' dir='ltr'>habere</span> <span class='ocrx_word' id='word_1_215' title='bbox 749 2696 829 2726; x_wconf 90' lang='lat' dir='ltr'>no-</span> 
     </span>
     <span class='ocr_line' id='line_1_38' title="bbox 78 2740 829 2796; baseline 0.001 -13"><span class='ocrx_word' id='word_1_216' title='bbox 78 2753 196 2791; x_wconf 89' lang='lat' dir='ltr'>men,</span> <span class='ocrx_word' id='word_1_217' title='bbox 231 2741 314 2784; x_wconf 88' lang='lat' dir='ltr'>sed</span> <span class='ocrx_word' id='word_1_218' title='bbox 348 2754 375 2783; x_wconf 83' lang='lat' dir='ltr'>a</span> <span class='ocrx_word' id='word_1_219' title='bbox 406 2740 600 2785; x_wconf 89' lang='lat' dir='ltr'>Vitellio</span> <span class='ocrx_word' id='word_1_220' title='bbox 634 2742 829 2796; x_wconf 80' lang='lat' dir='ltr'>impera-</span> 
     </span>
     <span class='ocr_line' id='line_1_39' title="bbox 79 2800 830 2854; baseline 0.004 -12"><span class='ocrx_word' id='word_1_221' title='bbox 79 2803 195 2850; x_wconf 86' lang='lat' dir='ltr'>tore,</span> <span class='ocrx_word' id='word_1_222' title='bbox 227 2804 278 2843; x_wconf 90' lang='lat' dir='ltr'>ut</span> <span class='ocrx_word' id='word_1_223' title='bbox 306 2800 538 2854; x_wconf 86' lang='lat' dir='ltr'>porcellus</span> <span class='ocrx_word' id='word_1_224' title='bbox 554 2801 655 2843; x_wconf 88' lang='lat'>377.</span> <span class='ocrx_word' id='word_1_225' title='bbox 689 2801 830 2845; x_wconf 87' lang='lat' dir='ltr'>aliae-</span> 
     </span>
     <span class='ocr_line' id='line_1_40' title="bbox 79 2859 828 2914; baseline 0.003 -13"><span class='ocrx_word' id='word_1_226' title='bbox 79 2871 167 2912; x_wconf 90' lang='lat' dir='ltr'>que</span> <span class='ocrx_word' id='word_1_227' title='bbox 206 2859 394 2913; x_wconf 86' lang='lat' dir='ltr'>patinae</span> <span class='ocrx_word' id='word_1_228' title='bbox 438 2859 496 2903; x_wconf 88' lang='lat' dir='ltr'>ab</span> <span class='ocrx_word' id='word_1_229' title='bbox 540 2860 828 2914; x_wconf 85' lang='lat' dir='ltr'>imperat-ori-</span> 
     </span>
     <span class='ocr_line' id='line_1_41' title="bbox 78 2917 827 2975; baseline 0.004 -16"><span class='ocrx_word' id='word_1_230' title='bbox 78 2917 164 2960; x_wconf 86' lang='lat' dir='ltr'>bus</span> <span class='ocrx_word' id='word_1_231' title='bbox 211 2917 348 2974; x_wconf 89' lang='lat' dir='ltr'>gulac</span> <span class='ocrx_word' id='word_1_232' title='bbox 402 2919 636 2975; x_wconf 83' lang='lat' dir='ltr'>magistris</span> <span class='ocrx_word' id='word_1_233' title='bbox 684 2919 827 2967; x_wconf 87' lang='lat' dir='ltr'>nomi-</span> 
     </span>
    </p>
   </div>
   <div class='ocr_carea' id='block_1_7' title="bbox 918 1855 1678 2981">
    <p class='ocr_par' dir='ltr' id='par_1_9' title="bbox 918 1855 1678 2981">
     <span class='ocr_line' id='line_1_42' title="bbox 925 1855 1676 1911; baseline -0.001 -11"><span class='ocrx_word' id='word_1_234' title='bbox 925 1869 1001 1900; x_wconf 88' lang='lat' dir='ltr'>sus</span> <span class='ocrx_word' id='word_1_235' title='bbox 1036 1856 1246 1900; x_wconf 86' lang='lat' dir='ltr'>drusinus</span> <span class='ocrx_word' id='word_1_236' title='bbox 1264 1860 1313 1900; x_wconf 89' lang='lat' dir='ltr'>et</span> <span class='ocrx_word' id='word_1_237' title='bbox 1342 1855 1584 1900; x_wconf 86' lang='lat' dir='ltr'>drusianus</span> <span class='ocrx_word' id='word_1_238' title='bbox 1603 1868 1676 1911; x_wconf 86' lang='lat' dir='ltr'>ap.</span> 
     </span>
     <span class='ocr_line' id='line_1_43' title="bbox 925 1914 1678 1967; baseline 0.003 -9"><span class='ocrx_word' id='word_1_239' title='bbox 925 1916 1072 1959; x_wconf 87' lang='lat' dir='ltr'>Tacit.</span> <span class='ocrx_word' id='word_1_240' title='bbox 1132 1928 1236 1958; x_wconf 86' lang='lat' dir='ltr'>ann.</span> <span class='ocrx_word' id='word_1_241' title='bbox 1298 1917 1340 1967; x_wconf 89' lang='lat'>2,</span> <span class='ocrx_word' id='word_1_242' title='bbox 1389 1916 1430 1959; x_wconf 92' lang='lat'>8.</span> <span class='ocrx_word' id='word_1_243' title='bbox 1486 1914 1678 1960; x_wconf 87' lang='lat' dir='ltr'>Sueton.</span> 
     </span>
     <span class='ocr_line' id='line_1_44' title="bbox 926 1974 1678 2019; baseline -0.001 0"><span class='ocrx_word' id='word_1_244' title='bbox 926 1974 1087 2019; x_wconf 85' lang='lat' dir='ltr'>Claud.</span> <span class='ocrx_word' id='word_1_245' title='bbox 1124 1977 1160 2017; x_wconf 93' lang='lat'>1.</span> <span class='ocrx_word' id='word_1_246' title='bbox 1206 1975 1442 2018; x_wconf 88' lang='lat' dir='ltr'>bactrinus</span> <span class='ocrx_word' id='word_1_247' title='bbox 1483 1979 1531 2019; x_wconf 92' lang='lat' dir='ltr'>et</span> <span class='ocrx_word' id='word_1_248' title='bbox 1569 1974 1678 2019; x_wconf 88' lang='lat' dir='ltr'>bac-</span> 
     </span>
     <span class='ocr_line' id='line_1_45' title="bbox 925 2033 1675 2089; baseline 0 -12"><span class='ocrx_word' id='word_1_249' title='bbox 925 2035 1102 2078; x_wconf 88' lang='lat' dir='ltr'>trianus</span> <span class='ocrx_word' id='word_1_250' title='bbox 1135 2047 1209 2089; x_wconf 88' lang='lat' dir='ltr'>ap.</span> <span class='ocrx_word' id='word_1_251' title='bbox 1244 2033 1387 2089; x_wconf 89' lang='lat' dir='ltr'>Apul.</span> <span class='ocrx_word' id='word_1_252' title='bbox 1411 2038 1518 2079; x_wconf 89' lang='lat' dir='ltr'>met.</span> <span class='ocrx_word' id='word_1_253' title='bbox 1546 2034 1586 2085; x_wconf 88' lang='lat'>7,</span> <span class='ocrx_word' id='word_1_254' title='bbox 1607 2034 1675 2077; x_wconf 88' lang='lat'>14.</span> 
     </span>
     <span class='ocr_line' id='line_1_46' title="bbox 923 2091 1678 2138; baseline 0.003 -2"><span class='ocrx_word' id='word_1_255' title='bbox 923 2094 990 2137; x_wconf 86' lang='lat' dir='ltr'>sic</span> <span class='ocrx_word' id='word_1_256' title='bbox 1019 2094 1197 2137; x_wconf 85' lang='lat' dir='ltr'>Fronto</span> <span class='ocrx_word' id='word_1_257' title='bbox 1224 2091 1336 2137; x_wconf 85' lang='lat' dir='ltr'>facit</span> <span class='ocrx_word' id='word_1_258' title='bbox 1355 2092 1678 2138; x_wconf 86' lang='lat' dir='ltr'>frontonianus</span> 
     </span>
     <span class='ocr_line' id='line_1_47' title="bbox 923 2152 1675 2197; baseline -0.001 -1"><span class='ocrx_word' id='word_1_259' title='bbox 923 2153 1024 2197; x_wconf 88' lang='lat'>380.</span> <span class='ocrx_word' id='word_1_260' title='bbox 1047 2152 1256 2196; x_wconf 84' lang='lat' dir='ltr'>Celsinus</span> <span class='ocrx_word' id='word_1_261' title='bbox 1281 2153 1557 2197; x_wconf 87' lang='lat' dir='ltr'>celsinianus</span> <span class='ocrx_word' id='word_1_262' title='bbox 1575 2153 1675 2196; x_wconf 87' lang='lat'>382.</span> 
     </span>
     <span class='ocr_line' id='line_1_48' title="bbox 923 2211 1676 2267; baseline 0 -13"><span class='ocrx_word' id='word_1_263' title='bbox 923 2211 1195 2267; x_wconf 88' lang='lat' dir='ltr'>Tamphilus</span> <span class='ocrx_word' id='word_1_264' title='bbox 1234 2211 1562 2267; x_wconf 87' lang='lat' dir='ltr'>tamphilianus</span> <span class='ocrx_word' id='word_1_265' title='bbox 1602 2224 1676 2267; x_wconf 89' lang='lat' dir='ltr'>ap.</span> 
     </span>
     <span class='ocr_line' id='line_1_49' title="bbox 922 2270 1677 2326; baseline 0.001 -11"><span class='ocrx_word' id='word_1_266' title='bbox 922 2272 1090 2326; x_wconf 87' lang='lat' dir='ltr'>Nepot.</span> <span class='ocrx_word' id='word_1_267' title='bbox 1134 2270 1240 2314; x_wconf 86' lang='lat' dir='ltr'>Att.</span> <span class='ocrx_word' id='word_1_268' title='bbox 1287 2273 1357 2322; x_wconf 89' lang='lat'>13,</span> <span class='ocrx_word' id='word_1_269' title='bbox 1391 2272 1430 2314; x_wconf 90' lang='lat'>2.</span> <span class='ocrx_word' id='word_1_270' title='bbox 1476 2271 1677 2316; x_wconf 86' lang='lat' dir='ltr'>Scaurus</span> 
     </span>
     <span class='ocr_line' id='line_1_50' title="bbox 923 2330 1678 2381; baseline -0.001 -7"><span class='ocrx_word' id='word_1_271' title='bbox 923 2333 1207 2381; x_wconf 85' lang='lat' dir='ltr'>scaurianus,</span> <span class='ocrx_word' id='word_1_272' title='bbox 1255 2330 1447 2373; x_wconf 87' lang='lat' dir='ltr'>Tacitus</span> <span class='ocrx_word' id='word_1_273' title='bbox 1494 2330 1678 2374; x_wconf 86' lang='lat' dir='ltr'>tacitia-</span> 
     </span>
     <span class='ocr_line' id='line_1_51' title="bbox 922 2388 1676 2439; baseline 0.003 -8"><span class='ocrx_word' id='word_1_274' title='bbox 922 2402 1021 2439; x_wconf 88' lang='lat' dir='ltr'>nus,</span> <span class='ocrx_word' id='word_1_275' title='bbox 1054 2389 1235 2433; x_wconf 84' lang='lat' dir='ltr'>Krause</span> <span class='ocrx_word' id='word_1_276' title='bbox 1255 2390 1326 2433; x_wconf 91' lang='lat' dir='ltr'>De</span> <span class='ocrx_word' id='word_1_277' title='bbox 1350 2388 1537 2433; x_wconf 85' lang='lat' dir='ltr'>Sueton.</span> <span class='ocrx_word' id='word_1_278' title='bbox 1559 2388 1676 2434; x_wconf 88' lang='lat' dir='ltr'>font.</span> 
     </span>
     <span class='ocr_line' id='line_1_52' title="bbox 921 2449 1674 2504; baseline 0.001 -14"><span class='ocrx_word' id='word_1_279' title='bbox 921 2462 964 2503; x_wconf 92' lang='lat' dir='ltr'>p.</span> <span class='ocrx_word' id='word_1_280' title='bbox 999 2449 1026 2491; x_wconf 88' lang='lat'>3</span> <span class='ocrx_word' id='word_1_281' title='bbox 1060 2461 1188 2503; x_wconf 90' lang='lat' dir='ltr'>seqq.</span> <span class='ocrx_word' id='word_1_282' title='bbox 1226 2473 1279 2479; x_wconf 90' lang='lat'><strong>—</strong></span> <span class='ocrx_word' id='word_1_283' title='bbox 1314 2460 1460 2504; x_wconf 88' lang='lat' dir='ltr'>quae</span> <span class='ocrx_word' id='word_1_284' title='bbox 1493 2453 1674 2503; x_wconf 77' lang='grc' dir='ltr'>0111.βγ.</span> 
     </span>
     <span class='ocr_line' id='line_1_53' title="bbox 923 2507 1676 2562; baseline 0.001 -13"><span class='ocrx_word' id='word_1_285' title='bbox 923 2532 970 2536; x_wconf 92' lang='lat'>—-</span> <span class='ocrx_word' id='word_1_286' title='bbox 1012 2507 1398 2551; x_wconf 86' lang='lat' dir='ltr'>condimenta</span> <span class='ocrx_word' id='word_1_287' title='bbox 1430 2507 1502 2551; x_wconf 88' lang='lat' dir='ltr'>ed.</span> <span class='ocrx_word' id='word_1_288' title='bbox 1531 2521 1596 2562; x_wconf 88' lang='lat' dir='ltr'>pr.</span> <span class='ocrx_word' id='word_1_289' title='bbox 1619 2508 1676 2558; x_wconf 87' lang='lat' dir='ltr'>H,</span> 
     </span>
     <span class='ocr_line' id='line_1_54' title="bbox 923 2566 1674 2621; baseline 0 -12"><span class='ocrx_word' id='word_1_290' title='bbox 923 2566 1371 2610; x_wconf 87' lang='lat' dir='ltr'>condimentum</span> <span class='ocrx_word' id='word_1_291' title='bbox 1431 2566 1583 2621; x_wconf 91' lang='lat' dir='ltr'>quod</span> <span class='ocrx_word' id='word_1_292' title='bbox 1644 2567 1674 2614; x_wconf 84' lang='grc' dir='ltr'>ζ.</span> 
     </span>
     <span class='ocr_line' id='line_1_55' title="bbox 923 2625 1677 2680; baseline 0.003 -13"><span class='ocrx_word' id='word_1_293' title='bbox 923 2637 1040 2680; x_wconf 88' lang='lat' dir='ltr'>quae</span> <span class='ocrx_word' id='word_1_294' title='bbox 1089 2626 1315 2669; x_wconf 85' lang='lat' dir='ltr'>correctio</span> <span class='ocrx_word' id='word_1_295' title='bbox 1376 2625 1551 2669; x_wconf 89' lang='lat' dir='ltr'>librarii</span> <span class='ocrx_word' id='word_1_296' title='bbox 1604 2630 1677 2669; x_wconf 85' lang='lat' dir='ltr'>est</span> 
     </span>
     <span class='ocr_line' id='line_1_56' title="bbox 922 2684 1676 2740; baseline 0.003 -14"><span class='ocrx_word' id='word_1_297' title='bbox 922 2684 1169 2728; x_wconf 86' lang='lat' dir='ltr'>nescientis</span> <span class='ocrx_word' id='word_1_298' title='bbox 1212 2685 1258 2727; x_wconf 90' lang='lat' dir='ltr'>in</span> <span class='ocrx_word' id='word_1_299' title='bbox 1298 2697 1355 2728; x_wconf 86' lang='lat' dir='ltr'>ea</span> <span class='ocrx_word' id='word_1_300' title='bbox 1387 2698 1503 2729; x_wconf 88' lang='lat' dir='ltr'>voce</span> <span class='ocrx_word' id='word_1_301' title='bbox 1536 2697 1676 2740; x_wconf 85' lang='lat' dir='ltr'>gene-</span> 
     </span>
     <span class='ocr_line' id='line_1_57' title="bbox 921 2743 1675 2799; baseline 0.001 -13"><span class='ocrx_word' id='word_1_302' title='bbox 921 2743 1067 2786; x_wconf 85' lang='lat' dir='ltr'>tivum</span> <span class='ocrx_word' id='word_1_303' title='bbox 1101 2743 1247 2788; x_wconf 87' lang='lat' dir='ltr'>latere</span> <span class='ocrx_word' id='word_1_304' title='bbox 1282 2744 1360 2799; x_wconf 92' lang='lat' dir='ltr'>qui</span> <span class='ocrx_word' id='word_1_305' title='bbox 1393 2748 1465 2787; x_wconf 90' lang='lat' dir='ltr'>est</span> <span class='ocrx_word' id='word_1_306' title='bbox 1491 2744 1591 2787; x_wconf 84' lang='grc'>398.</span> <span class='ocrx_word' id='word_1_307' title='bbox 1627 2747 1675 2787; x_wconf 87' lang='grc'>81</span> 
     </span>
     <span class='ocr_line' id='line_1_58' title="bbox 919 2802 1675 2854; baseline 0.001 -10"><span class='ocrx_word' id='word_1_308' title='bbox 919 2802 965 2844; x_wconf 86' lang='grc'>111</span> <span class='ocrx_word' id='word_1_309' title='bbox 1011 2802 1286 2854; x_wconf 82' lang='lat' dir='ltr'>„dactilum“</span> <span class='ocrx_word' id='word_1_310' title='bbox 1328 2803 1430 2845; x_wconf 82' lang='lat'>230.</span> <span class='ocrx_word' id='word_1_311' title='bbox 1477 2802 1675 2846; x_wconf 89' lang='lat' dir='ltr'>cribrum</span> 
     </span>
     <span class='ocr_line' id='line_1_59' title="bbox 919 2859 1672 2911; baseline 0 -8"><span class='ocrx_word' id='word_1_312' title='bbox 919 2861 1035 2904; x_wconf 89' lang='lat' dir='ltr'>Plin.</span> <span class='ocrx_word' id='word_1_313' title='bbox 1073 2861 1141 2911; x_wconf 88' lang='lat'>16,</span> <span class='ocrx_word' id='word_1_314' title='bbox 1174 2861 1244 2904; x_wconf 89' lang='lat'>54.</span> <span class='ocrx_word' id='word_1_315' title='bbox 1279 2861 1337 2904; x_wconf 92' lang='lat' dir='ltr'>al.</span> <span class='ocrx_word' id='word_1_316' title='bbox 1373 2859 1430 2905; x_wconf 84' lang='lat' dir='ltr'>cf.</span> <span class='ocrx_word' id='word_1_317' title='bbox 1462 2860 1672 2904; x_wconf 90' lang='lat' dir='ltr'>Hildebr.</span> 
     </span>
     <span class='ocr_line' id='line_1_60' title="bbox 918 2919 1672 2981; baseline 0.003 -19"><span class='ocrx_word' id='word_1_318' title='bbox 918 2920 979 2963; x_wconf 86' lang='lat' dir='ltr'>ad</span> <span class='ocrx_word' id='word_1_319' title='bbox 1012 2919 1153 2981; x_wconf 88' lang='lat' dir='ltr'>Apul.</span> <span class='ocrx_word' id='word_1_320' title='bbox 1190 2922 1228 2963; x_wconf 91' lang='lat'>1.</span> <span class='ocrx_word' id='word_1_321' title='bbox 1258 2934 1300 2975; x_wconf 88' lang='lat' dir='ltr'>p.</span> <span class='ocrx_word' id='word_1_322' title='bbox 1325 2920 1427 2964; x_wconf 75' lang='lat'>996.</span> <span class='ocrx_word' id='word_1_323' title='bbox 1461 2920 1593 2963; x_wconf 85' lang='lat' dir='ltr'>Kritz</span> <span class='ocrx_word' id='word_1_324' title='bbox 1611 2919 1672 2972; x_wconf 71' lang='lat' dir='ltr'>ad</span> 
     </span>
    </p>
   </div>
  </div>
 </body>
</html>
