2066 3276
836 259 1091 305 Praefatio.
1692 258 1713 307 l
1728 258 1752 309 1

161 419 291 469 quas
333 417 449 454 cum
490 398 677 452 lexicis
707 399 795 451 alii
824 397 1112 466 scriptores
1141 397 1392 464 ignorant
1420 399 1472 447 et
1501 391 1758 444 citerioris

161 491 352 545 aetatis
392 490 612 559 propria
668 490 933 542 vocabula
984 505 1092 541 non
1133 488 1351 556 neglexi
1400 485 1626 539 subinde
1667 502 1758 538 an-

159 587 345 634 notare
388 585 439 633 et
480 580 788 648 explanare.
832 597 898 632 ne
935 578 1262 647 reipublicae
1303 577 1573 631 literariae
1615 576 1760 631 cives

160 671 274 724 istis
317 669 708 723 difficultatibus
760 669 814 722 in
868 674 1135 737 posterum
1179 667 1547 722 deterreantur
1588 672 1640 722 ct
1678 685 1757 721 re-

162 760 370 828 fugiant
409 777 441 810 a
480 758 716 826 legendo
747 763 964 812 auctore
989 775 1095 811 non
1124 759 1286 827 plane
1308 758 1640 812 infructuoso
1671 762 1762 811 aut

161 850 346 917 inutili,
378 866 495 902 cum
523 847 593 900 ad
624 847 1056 916 cognoscendam
1082 865 1195 901 rem
1222 848 1486 917 privatam
1520 853 1760 902 veterum

161 945 268 993 tum
310 955 476 1007 saepe
518 937 585 990 ad
625 937 900 991 historiam
948 937 1239 990 literariam
1291 938 1616 1006 necessarie,
1670 955 1759 992 ne-

109 1071 111 1075 ,
161 1046 264 1099 que
316 1028 546 1095 denique
598 1032 654 1080 ut
702 1027 967 1081 communi
1018 1028 1269 1098 Europae
1321 1028 1603 1082 universae
1651 1045 1760 1082 ma·

161 1119 324 1187 gistro
354 1116 758 1172 contemnendo,
795 1122 1124 1187 praetereaS,
1165 1123 1320 1187 pater
1356 1110 1758 1187 elegantiarum,

162 1209 204 1261 si
245 1208 373 1278 quid
412 1224 519 1260 non
557 1207 687 1260 facit
726 1206 796 1261 ad
837 1207 1183 1262 stomachum.
1211 1208 1495 1261 verborum
1521 1224 1760 1261 meorum

160 1298 298 1352 adeo
340 1314 533 1367 parcus
574 1298 665 1365 fui,
716 1302 773 1350 ut
811 1314 917 1350 non
956 1302 1159 1350 tantum
1199 1298 1254 1350 in
1292 1298 1463 1351 nullas
1506 1297 1762 1351 orationis

160 1389 511 1443 amoenitates
553 1387 855 1441 diffuderim
896 1387 994 1442 sed
1031 1393 1083 1442 et
1115 1388 1423 1454 sententiaS,
1457 1387 1547 1441 ubi
1579 1387 1762 1456 plures

162 1483 311 1532 erant
364 1477 431 1532 de
484 1495 541 1531 re
592 1495 714 1545 una,
771 1477 1017 1531 diffluere
1056 1477 1330 1531 maluerim
1373 1494 1532 1545 quam
1574 1493 1761 1546 opero-

162 1568 301 1621 siore
342 1568 599 1620 sermonis
639 1567 804 1620 veluti
842 1571 1052 1619 textura
1093 1567 1421 1620 committere
1476 1572 1529 1620 et
1581 1566 1761 1620 devin-

162 1657 284 1724 cire,
340 1674 407 1710 ne
461 1657 666 1711 scilicet
706 1674 839 1726 opus
878 1657 933 1709 in
972 1657 1188 1710 nimiam
1227 1658 1423 1711 molem
1466 1661 1518 1711 et
1549 1657 1675 1710 mihi
1712 1662 1764 1711 et

157 1746 346 1800 lectori
396 1747 675 1801 molestam
730 1751 1084 1801 excresceret.
1138 1747 1207 1800 ad
1260 1764 1438 1801 meum
1490 1746 1762 1801 scribendi

158 1852 344 1904 genus,
386 1836 477 1891 ubi
516 1837 592 1890 sic
634 1837 847 1891 occasio
888 1836 1007 1904 fert,
1050 1836 1186 1891 haec
1218 1837 1442 1905 habeas,
1484 1837 1643 1891 homo
1670 1854 1760 1892 ve-

157 1926 375 1980 nustior.
405 1926 730 1981 lineamenta
759 1927 1030 1983 Ciceronis
1055 1945 1162 1981 non
1194 1927 1409 1995 effingo,
1445 1927 1572 1980 mihi
1598 1928 1761 1996 longe

157 2016 427 2070 honestior
465 2017 601 2071 tauri
639 2017 808 2071 facies
849 2023 939 2071 aut
977 2019 1104 2072 item
1142 2017 1314 2071 leonis
1367 2034 1523 2085 quam
1574 2017 1760 2072 simiae

157 2106 367 2161 videtur
423 2124 560 2174 quae
611 2112 791 2161 tamen
843 2107 1043 2161 homini
1083 2107 1302 2161 similior
1344 2112 1438 2161 est.
1481 2106 1609 2159 mihi
1650 2107 1759 2174 qui-

159 2195 281 2249 dem
323 2192 622 2264 quicunque
661 2202 865 2250 tantum
907 2202 1231 2268 componunt
1271 2213 1337 2250 ex
1372 2196 1665 2250 imitatione
1693 2196 1759 2249 si-

157 2285 310 2339 miles
354 2303 473 2340 esse
513 2287 600 2339 vel
639 2287 868 2355 psittaco
904 2287 989 2339 vel
1018 2287 1173 2355 picae
1200 2286 1449 2340 videntur
1481 2286 1758 2354 proferen-

156 2374 294 2428 tibus
335 2392 473 2442 quae
513 2394 614 2429 nec
653 2377 986 2444 intellegunt,
1044 2380 1226 2429 carent
1275 2376 1414 2429 enim
1456 2392 1592 2443 quae
1633 2375 1758 2429 scri-

157 2465 288 2517 bunt
326 2465 415 2518 isti
453 2465 653 2519 viribus
696 2471 748 2519 et
773 2467 898 2532 vita,
943 2470 1126 2519 carent
1150 2469 1288 2532 actu,
1333 2469 1517 2518 carent
1546 2464 1756 2531 effectn,

158 2558 340 2606 carent
390 2553 587 2621 indole,
640 2555 834 2622 iacent,
890 2554 1170 2622 dormiunt,
1224 2559 1464 2622 stertunt,
1517 2554 1647 2607 nihil
1684 2554 1759 2609 ibi

156 2659 357 2709 verum,
405 2642 535 2696 nihil
585 2643 829 2711 solidum,
883 2643 1011 2696 nihil
1064 2644 1269 2697 efficax,
1324 2661 1409 2698 me
1460 2648 1517 2696 ut
1570 2644 1759 2713 opinor

159 2732 416 2800 exprimO,
458 2732 574 2786 sine
616 2732 812 2787 cortice
852 2737 1038 2786 natare
1078 2734 1215 2786 vo10.
1271 2738 1328 2786 ut
1366 2734 1502 2786 bene
1545 2750 1756 2787 currere

159 2838 268 2874 non
306 2826 487 2890 potest
527 2821 615 2889 qui
653 2822 852 2891 pedem
896 2840 1099 2891 ponere
1134 2822 1312 2876 studet
1343 2822 1397 2875 in
1425 2821 1614 2875 alienis
1640 2827 1754 2875 tan-

157 2915 264 2965 tum
306 2911 562 2981 vestigiis,
602 2911 678 2964 ita
717 2929 817 2966 nec
858 2913 995 2966 bene
1031 2912 1267 2971 scribere
1294 2911 1381 2984 qui
1404 2916 1658 2983 tanquam
1685 2911 1754 2968 de
