2066 3276
811 267 914 313 Lib.
933 266 1011 312 IX.
1046 267 1255 312 Talassa.
1735 266 1842 321 ,195

364 402 487 457 441.
531 403 799 456 Salsum
840 401 993 455 sine
1033 401 1256 454 salso:
1296 400 1446 454 iocur
1497 416 1713 466 coqueS,
1765 404 1841 454 te-

249 494 336 530 res
378 482 429 530 et
468 477 644 530 mittes
694 477 995 544 piperatum
1047 475 1314 541 liquamen
1362 479 1454 527 aut
1512 475 1696 539 salem,
1749 474 1842 526 ad-

250 551 347 604 des
409 552 598 618 oleum,
657 551 807 603 iocur
863 549 1062 617 leporis
1115 554 1206 601 aut
1256 548 1380 602 aedi
1432 553 1523 601 aut
1576 547 1704 615 agni
1751 552 1844 601 aut

248 625 379 693 pulli
421 630 472 677 et
523 626 567 677 si
618 624 865 691 volueris,
920 624 974 675 in
1025 623 1265 676 formella
1316 622 1518 691 piscem
1570 622 1839 676 formabis.
1900 687 1912 696 .

251 700 424 751 oleum
467 698 637 751 viride
678 715 840 766 supra
880 697 1098 751 adicies

364 774 489 824 442.
545 774 712 826 Aliter
750 772 868 825 vice
921 770 1075 824 salsi:
1131 769 1394 836 ciminum,
1446 769 1618 837 piper,
1674 770 1841 837 liqua-

250 864 371 900 men
412 852 552 899 teres
594 852 645 900 et
684 845 830 914 passi
870 845 1137 898 modicum
1177 845 1263 897 vel
1305 843 1520 897 caroeni
1575 849 1626 897 et
1678 860 1842 898 nuces

248 921 397 972 tritas
439 921 690 988 plurimas
732 919 923 972 misces
967 924 1018 972 et
1069 918 1223 971 simul
1277 922 1520 971 conteres
1574 922 1627 971 et
1678 919 1842 971 salsa-

247 995 324 1047 rio
356 993 635 1059 defundes,
679 994 854 1046 oleum
881 992 1090 1046 modice
1120 991 1507 1059 superstillabis
1550 996 1601 1044 et
1626 990 1839 1046 inferes

362 1068 470 1119 443
530 1068 698 1120 Aliter
738 1068 935 1120 salsum
976 1068 1090 1119 siue
1132 1066 1310 1118 salso:
1354 1065 1603 1118 ciminum
1642 1071 1845 1118 tantum

252 1147 503 1208 quantum
545 1142 775 1208 quinque
817 1141 996 1208 digitis
1036 1140 1195 1207 tollis,
1250 1139 1405 1207 piper
1445 1139 1515 1191 ad
1569 1139 1844 1192 dimidium

251 1216 361 1269 eius
407 1221 458 1269 et
497 1233 671 1282 uvam,
714 1215 919 1284 spicam
971 1214 1075 1269 alei
1126 1219 1411 1283 purgatam
1463 1218 1622 1280 te1·eS‚
1675 1214 1843 1281 liqua-

247 1307 368 1347 men
442 1289 813 1357 superfurrdeS‚

895 1290 1069 1342 oleum
1152 1287 1362 1341 modice
1437 1288 1843 1354 superstillabiS.

248 1364 349 1417 hoc
378 1381 598 1431 aegrum
628 1363 956 1417 stomachum
984 1362 1143 1416 valde
1181 1361 1350 1415 reficit
1391 1366 1443 1414 et
1483 1361 1842 1429 digestionem

247 1437 386 1491 facit.
443 1445 447 1451 ’

358 1513 482 1565 444.
526 1513 971 1564 Embractum
1011 1509 1359 1563 baianum:
1399 1509 1644 1564 hostreas
1681 1510 1847 1562 minu-

248 1659 318 1704 ior
352 1659 429 1714 qui
463 1672 518 1702 ex
550 1659 702 1702 Ponto
736 1657 999 1702 adveheba-

247 1724 322 1761 tur
370 1723 417 1761 et
465 1719 702 1773 ponticum
750 1717 998 1760 salsamen-

247 1782 358 1828 tum,
391 1775 542 1832 τὰριοχ
548 1795 564 1823 ς
606 1777 635 1820 i.
669 1790 705 1820 e.
750 1774 999 1832 ταριχευτὸς

247 1837 398 1880 salsus
427 1836 585 1880 vocari
613 1840 786 1890 potest,
819 1849 880 1879 sc.
895 1848 997 1878 mu-

246 1896 337 1939 lus
359 1895 492 1948 μὺλος
511 1896 707 1950 Oppiani
724 1894 814 1937 hal.
838 1898 875 1946 1,
897 1895 993 1938 130.

246 1954 403 2009 μύλλος
437 1954 599 1999 Galeni
621 1954 706 1997 fac.
726 1954 847 1998 alim.
867 1956 909 2005 3,
923 1954 993 1997 27.

246 2012 431 2057 Aelian.
481 2020 575 2057 nat.
628 2014 763 2056 anim.
817 2013 887 2065 14,
931 2014 1001 2057 23.

246 2072 423 2117 Athen.
443 2074 485 2124 3,
504 2073 573 2116 87.
600 2072 799 2116 fortasse
817 2073 1004 2117 sciaena

248 2133 411 2176 umbra
431 2132 541 2176 Cuv.
562 2132 774 2176 umbrina
794 2131 847 2175 cf.
872 2131 1003 2176 Oken

247 2191 327 2236 VI.
360 2204 404 2245 p.
439 2191 540 2234 244.
574 2204 703 2247 seqq.
748 2191 805 2235 de
849 2191 1003 2246 priore

246 2264 290 2305 p.
369 2250 617 2293 278-281.
693 2250 754 2293 ad
810 2249 1004 2294 echini

248 2322 380 2352 usum
423 2309 469 2352 in
515 2308 771 2352 condituris
811 2309 912 2351 262.
948 2333 1000 2338 —

248 2380 365 2411 uvae
398 2368 499 2411 318.
546 2368 647 2411 443.
680 2368 857 2412 urticae
902 2368 1002 2411 132.

248 2452 298 2455 -
336 2426 490 2469 malim
532 2426 733 2471 oleum.

338 2485 397 2528 ad
430 2485 531 2528 441.
581 2499 666 2540 pro
698 2485 872 2540 piper
904 2488 1005 2528 aut

248 2544 287 2586 1.
335 2557 448 2588 corr.
509 2545 855 2599 piperatum
903 2544 1000 2599 liq.

249 2616 306 2646 ex
338 2603 438 2646 384.
472 2604 572 2646 397.
608 2604 670 2646 ad
703 2604 772 2647 80.
824 2602 999 2647 Athen.

250 2664 290 2712 1,
328 2663 396 2705 13,
429 2661 630 2716 μάγειρὸς
659 2677 719 2708 τις
749 2661 1000 2715 μιμησάμε-

248 2737 319 2766 νος
350 2719 400 2760 τό
438 2719 642 2775 ἰχθύδιον
674 2724 915 2776 παρέθηκεν
948 2719 1002 2767 ὦς

246 2778 397 2831 ἀφύας.
448 2779 504 2823 cf.
556 2781 653 2823 132.
718 2779 1003 2824 formella

247 2838 411 2889 forma,
456 2839 647 2882 vasculo
680 2839 742 2882 ad
773 2840 911 2894 piscis
943 2840 1003 2883 si-

247 2898 553 2942 militudinem
588 2897 803 2943 formato.

1183 1657 1245 1700 ad
1270 1655 1371 1700 442.
1406 1657 1595 1700 tritas
1630 1656 1847 1700 122.136.

1090 1728 1231 1760 nuces
1274 1728 1459 1760 amarae
1491 1716 1610 1760 bene
1643 1715 1850 1759 exiccan-

1089 1780 1165 1818 tur
1207 1779 1254 1819 et
1300 1775 1345 1818 in
1387 1775 1612 1819 mortario
1658 1779 1849 1819 contun-

1089 1834 1261 1878 duntur
1308 1847 1381 1890 ap.
1431 1835 1642 1879 Erotian.
1695 1833 1846 1878 Gloss.

1086 1892 1294 1949 hippocr.
1341 1907 1385 1949 p.
1419 1895 1517 1938 260.
1565 1918 1620 1925 -
1669 1893 1849 1937 salsa-

1086 1953 1227 1997 rede
1260 1951 1416 1996 fund.
1450 1958 1493 2004 β.
1526 1953 1691 1996 salsa
1723 1952 1847 1996 red-

1096 2012 1165 2056 de
1198 2010 1227 2054 f.
1255 2013 1397 2056 ceteri
1417 2012 1685 2065 „salsarium
1703 2024 1739 2055 s.
1759 2011 1849 2055 sal·

1095 2074 1224 2115 sare“
1261 2085 1410 2115 meum
1428 2072 1488 2115 sit
1511 2084 1594 2115 vas
1611 2071 1669 2115 ab
1690 2084 1745 2115 eo
1763 2084 1848 2114 usu

1096 2131 1457 2182 denominatum,
1500 2130 1608 2174 hod.
1653 2130 1847 2174 saucier.

1097 2215 1150 2219 —
1195 2190 1339 2234 verba
1381 2195 1428 2234 et
1469 2189 1638 2234 inferes
1681 2214 1736 2221 --
1775 2201 1848 2233 aes

1094 2252 1254 2305 grum“
1291 2262 1378 2292 om.
1414 2249 1486 2293 ed.
1521 2263 1588 2305 pr.

1187 2308 1249 2351 ad
1279 2308 1381 2351 443.
1446 2321 1560 2352 corr.
1594 2321 1679 2363 pro
1712 2320 1758 2350 s.
1791 2307 1848 2349 in

1093 2366 1259 2411 salso
1299 2380 1356 2410 ex
1387 2366 1490 2411 441.
1522 2366 1624 2410 442.
1660 2366 1757 2409 132.
1792 2390 1848 2396 -

1093 2430 1146 2469 ut
1177 2425 1345 2469 medici
1377 2426 1444 2469 sic
1476 2426 1613 2482 coqui
1645 2430 1753 2469 sunt
1772 2436 1845 2468 ac-

1095 2485 1258 2535 curati,
1311 2485 1382 2528 De
1422 2484 1582 2529 olerib.
1616 2498 1661 2540 p.
1692 2484 1760 2527 18.
1792 2509 1845 2514 -

1092 2543 1326 2599 piperis
1375 2544 1512 2588 codd.
1572 2569 1624 2573 ——
1683 2554 1846 2586 uvam

1092 2603 1314 2646 marinam
1362 2616 1477 2647 corr.
1530 2615 1615 2657 pro
1663 2614 1844 2645 unam.

1093 2662 1155 2705 ad
1186 2662 1289 2706 440.
1309 2687 1362 2693 -—
1387 2662 1503 2706 alei
1534 2662 1580 2704 in
1611 2661 1846 2716 plerisque

1094 2725 1142 2765 et
1179 2721 1329 2765 Edict.
1374 2721 1524 2765 Diocl.
1566 2721 1608 2771 6,
1646 2721 1715 2763 23.
1758 2732 1844 2775 pro

1094 2779 1201 2823 alii
1232 2794 1267 2824 s.
1295 2780 1431 2824 allii
1458 2780 1520 2823 ad
1538 2779 1698 2835 Gargil
1715 2778 1845 2834 p.17.

1213 2839 1274 2882 ad
1320 2838 1420 2882 444.
1486 2838 1844 2883 embractum

1096 2898 1231 2942 codd.
1277 2898 1676 2954 emphractum
1709 2897 1842 2941 Hum.
