2066 3276
266 244 337 297 10
940 241 1190 288 Praefatio.

262 381 422 444 atque
465 376 567 430 olei
608 377 993 445 absumpserim
1021 377 1109 430 vix
1144 394 1335 444 queam
1360 378 1555 446 dicere,
1600 396 1716 434 cum
1744 381 1855 448 plu-

262 466 406 519 rimis
459 466 693 535 undique
744 467 1051 521 vulneribus
1105 467 1385 521 confossus
1441 473 1582 522 esset
1632 469 1857 538 ipsaque

261 554 688 624 interpunctione
730 554 1057 609 deformatus
1098 561 1150 610 et
1188 557 1581 626 pessumdatus.
1635 558 1704 612 de
1747 559 1856 626 qui-

263 645 361 697 bus
402 649 578 698 autem
630 645 762 699 locis
815 646 1154 713 ambigebam
1207 664 1380 714 neque
1421 648 1685 701 sinceram
1726 648 1859 702 veri-

262 736 425 787 tatem
487 750 673 788 eruere
732 734 964 803 mihique
1026 736 1256 790 eandem
1315 737 1563 792 incudem
1616 737 1858 791 tundenti

160 835 163 840 ·
262 822 473 891 penitus
532 823 843 879 satisfacere
901 829 1160 893 poteram,
1217 843 1309 880 eos
1370 827 1593 880 aliorum
1651 827 1858 881 iudiciis

227 912 229 914 ’
262 911 615 980 pensitandos
653 913 1109 981 castigandosque
1142 915 1331 982 reliqui
1377 916 1537 986 (inter
1577 916 1711 969 alios
1740 921 1861 969 sunt

265 1002 314 1056 3.
354 1002 440 1055 40.
484 1004 570 1056 41.
620 1005 737 1057 126.
788 1006 906 1059 135.
948 1005 1068 1058 151.
1111 1005 1231 1058 160.
1267 1006 1386 1060 179.
1424 1006 1542 1060 187.
1580 1006 1701 1060 188.
1739 1007 1857 1060 189.

265 1091 388 1145 200.
433 1093 555 1146 202.
601 1094 724 1148 206.
770 1095 894 1148 207.
940 1095 1062 1147 211.
1108 1096 1230 1148 221.
1270 1096 1394 1149 236.
1428 1096 1550 1149 239.
1579 1096 1701 1148 245.
1735 1096 1857 1149 248.

265 1182 390 1236 249.
433 1183 556 1236 252.
603 1184 726 1237 255.
770 1185 893 1237 268.
940 1185 1062 1238 271.
1107 1186 1230 1239 287.
1267 1185 1389 1239 294.
1425 1185 1547 1238 295.
1579 1185 1701 1239 303.
1733 1185 1857 1239 359.

266 1272 390 1327 386.
446 1273 570 1327 406.
627 1272 779 1343 442.)
828 1280 989 1340 utque
1041 1274 1095 1326 in
1148 1291 1352 1327 summa
1392 1274 1567 1328 dicam
1609 1279 1861 1341 quantum

265 1361 387 1416 huic
426 1363 561 1416 libro
619 1364 735 1432 opis
777 1364 1039 1418 attulerim
1095 1364 1181 1431 qui
1224 1363 1455 1417 candida
1494 1369 1670 1417 mente
1713 1368 1764 1417 et
1801 1363 1860 1416 li-

261 1468 390 1506 vore
431 1458 660 1521 purgata
699 1452 872 1521 ipsum
909 1453 1116 1507 curiose
1144 1453 1455 1507 lectitabunt
1497 1457 1692 1507 etcum
1720 1453 1861 1522 prio-

263 1540 410 1594 ribus
466 1543 857 1611 exemplaribus
912 1543 1189 1596 conferent
1238 1542 1398 1596 facile
1441 1540 1859 1610 deprehendent.

263 1647 331 1683 ex
372 1630 662 1684 lectionum
702 1632 966 1685 variarum
1009 1632 1495 1713 congeriesoernes,
1535 1631 1695 1684 homo
1723 1631 1858 1684 litte-

260 1719 543 1788 ratissime,
599 1737 756 1788 quam
808 1722 1030 1791 turpiter
1074 1720 1381 1789 ¹depravata
1420 1721 1490 1774 ad
1532 1739 1630 1775 nos
1670 1737 1858 1790 perve-

259 1809 431 1864 nerint
481 1827 545 1864 ea
594 1817 850 1880 excerpta
902 1812 1168 1880 apiciana,
1221 1816 1418 1878 quanta
1465 1811 1589 1866 ideo
1640 1811 1695 1864 in
1736 1828 1858 1865 con-

261 1900 513 1954 iectando
561 1901 776 1955 licentia
822 1901 1087 1969 indulgeri
1147 1901 1344 1955 debeat
1396 1918 1662 1968 quamque
1715 1900 1862 1953 nulla

259 2006 386 2059 spes
440 1991 618 2044 omnia
672 1991 978 2059 corrigendi
1027 1991 1303 2058 affulgeat.
1356 1991 1644 2044 nonnullae
1685 2007 1860 2044 emen-

260 2079 506 2134 dationes
546 2086 669 2134 ante
709 2080 880 2150 pedes
923 2085 1087 2148 erant,
1128 2083 1486 2135 nascebantur
1522 2080 1673 2133 citius
1703 2096 1861 2148 quam

260 2170 515 2238 asparagi
555 2175 865 2239 coquuntur,
916 2171 1095 2238 plures
1150 2170 1432 2223 difficulter
1484 2174 1670 2238 partae
1723 2173 1858 2222 sunt.

264 2277 448 2314 omnes
501 2261 648 2313 locos
704 2259 993 2314 emendare
1033 2259 1172 2312 velle
1223 2264 1303 2312 est
1342 2275 1560 2312 arenam
1598 2258 1770 2312 metiri
1810 2261 1862 2311 et

259 2349 432 2402 undas
471 2367 767 2403 numerare.
810 2349 900 2402 ubi
941 2365 1109 2417 saepe
1149 2364 1338 2401 saxum
1366 2348 1508 2400 volvi
1537 2348 1861 2414 multumque

260 2438 450 2492 sudavi
492 2444 544 2492 et
572 2439 687 2507 alsi,
730 2439 974 2493 omnibus
1002 2438 1301 2507 unguiculis
1331 2437 1575 2492 codicum
1602 2436 1861 2490 lectiones

257 2528 418 2581 tenui.
472 2528 527 2580 in
576 2529 770 2581 notulis
822 2529 954 2582 meis
1006 2528 1248 2582 invenies
1303 2528 1462 2582 etiam
1502 2526 1741 2579 mutilata
1780 2543 1861 2578 ra-

256 2621 436 2671 menta
489 2617 757 2684 quaedam
819 2618 1316 2686 interpretationum
1370 2622 1423 2671 et
1485 2616 1861 2669 annotationes

256 2723 432 2774 neque
484 2707 639 2759 nimis
699 2706 891 2759 multas
940 2723 1114 2774 neque
1167 2707 1322 2760 nimis
1373 2707 1566 2774 longas
1608 2737 1675 2744 -—
1718 2704 1862 2772 quod

256 2815 364 2851 non
405 2813 539 2866 opus
581 2812 701 2850 esse
743 2813 921 2850 carum
955 2801 1037 2849 est
1063 2828 1135 2835 -—-
1169 2797 1359 2864 quibus
1387 2812 1517 2849 vera
1544 2794 1703 2848 lectio
1734 2810 1856 2847 con-

257 2886 499 2942 stituatur
539 2904 572 2941 a
611 2884 818 2941 mendis
858 2890 1165 2957 repurgata,
1221 2885 1519 2954 singulares
1560 2884 1856 2938 locutiones
