2066 3276
256 248 327 303 24
917 248 1170 298 PraefatiO.

253 385 612 452 roccambole,
670 383 1287 453 schlangenknoblauch,
1341 385 1405 440 cf.
1462 388 1725 458 Sprengel
1775 389 1845 444 ad

255 472 596 545 Theophrast
643 475 691 540 7,
719 475 770 540 4,
801 475 849 526 7.
876 492 927 545 p.
959 474 1081 527 259.
1129 475 1435 546 „apiperm“
1468 482 1548 530 est
1566 479 1842 550 apirinum,

256 563 555 631 apyrinum,
595 562 774 615 vinum
816 579 845 616 e
884 562 1037 615 malis
1070 564 1276 631 punicis
1311 581 1449 632 quae
1483 567 1700 620 nucleos
1731 569 1843 621 nul-

251 652 331 704 los
382 652 414 706 1.
458 669 486 705 e
544 652 716 705 minus
755 652 993 719 lignosos
1033 652 1249 720 habent,
1298 653 1565 725 Theophr.
1609 657 1658 723 2,
1701 657 1751 723 2,
1793 659 1843 711 5.

250 742 304 808 4,
350 742 434 808 13,
478 743 527 796 2.
570 740 770 795 Colum.
814 741 864 808 5,
912 742 994 808 10,
1042 741 1123 794 15.
1168 742 1237 795 dc
1278 743 1435 797 arbor
1488 745 1574 812 23,
1622 746 1665 797 1.
1708 745 1842 799 Ρ1111.

256 831 341 897 13,
389 831 509 883 112.
554 830 744 884 Senec.
789 847 854 899 ep
916 830 1002 897 85,
1045 830 1093 883 5.
1137 830 1429 902 Geoponic.
1479 835 1559 900 10,
1596 835 1681 886 31.
1727 834 1842 888 Sal-

251 936 382 975 mas,
423 920 547 989 Hyl.
589 919 754 973 iatric.
791 937 842 989 p.
881 938 947 975 111.
979 922 1107 974 200.
1149 937 1181 972 3
1220 921 1277 973 Β.
1321 920 1391 973 3(1
1430 922 1611 976 tertias
1653 922 1843 977 decoc-

249 1013 375 1075 tum,
411 1007 596 1084 ῥοῖτης
618 1009 775 1061 Plinii
811 1011 894 1077 14,
928 1011 1045 1063 103.
1078 1009 1258 1064 Diosc.
1284 1010 1333 1076 5,
1365 1010 1449 1062 34.
1489 1012 1604 1064 coll.
1640 1013 1688 1079 ’1,
1722 1013 1840 1068 151.

248 1103 304 1150 ut
361 1115 390 1152 e
443 1099 596 1151 malis
646 1098 904 1167 cydoneis
956 1098 1118 1152 fiebat
1156 1096 1461 1170 κυδωνίτης,
1501 1095 1844 1169 κυδωνόμελι,

253 1187 533 1242 defrictum
585 1186 654 1241 de
709 1187 946 1242 cotoneis
997 1187 1146 1256 Apic.
1192 1188 1277 1241 51.
1330 1188 1394 1242 cf.
1438 1189 1734 1244 Schneider
1773 1192 1843 1246 ad

248 1276 453 1330 Pallad.
501 1278 586 1343 11,
629 1278 714 1331 20.
770 1278 1111 1345 emplastrum
1166 1295 1233 1330 ex
1283 1295 1523 1346 apyreno
1564 1297 1649 1348 ap.
1692 1282 1842 1335 Paul.

251 1366 442 1434 Aegin.
489 1368 538 1433 7,
585 1367 666 1420 17.
709 1383 904 1419 nomen
945 1366 1109 1419 habet
1149 1384 1180 1418 a
1211 1367 1457 1434 palmulis
1494 1385 1588 1422 seu
1616 1368 1842 1438 dactylis

249 1455 472 1509 nicolais
501 1460 553 1509 et
580 1456 794 1526 palmae
819 1455 1101 1509 cerebello,
1148 1473 1244 1524 „ac
1265 1455 1496 1509 midula“
1530 1473 1648 1510 esse
1677 1458 1841 1526 amig-

251 1544 376 1597 dala
410 1544 759 1599 certissimum
800 1550 895 1598 est.
927 1544 992 1598 cf.
1019 1543 1089 1596 ad
1118 1544 1204 1596 53.
1284 1544 1415 1597 Cum
1453 1545 1534 1598 his
1575 1548 1841 1618 excerptis

247 1635 438 1702 iunges
477 1633 612 1687 haec
654 1634 903 1687 Salmasii
935 1633 1165 1686 Exercit.
1207 1650 1259 1701 p.
1292 1629 1413 1687 900.
1444 1652 1476 1686 3
1529 1635 1646 1704 „De
1686 1637 1839 1689 semi-

244 1724 398 1778 nibus
440 1722 573 1777 hoc:
616 1740 871 1792 papaver,
915 1739 1098 1776 semen
1121 1723 1468 1789 rutaesbaca
1497 1729 1662 1792 rutae,
1704 1726 1842 1779 baca

245 1813 396 1880 lauri,
439 1830 623 1867 semen
658 1812 817 1879 aneti,
859 1829 1043 1865 semen
1070 1810 1338 1878 foeniculi,
1381 1828 1564 1864 semen
1591 1812 1839 1882 ligustici,

245 1919 433 1955 semen
475 1919 685 1968 erucae,
729 1919 914 1956 semen
955 1899 1251 1954 0011311(111α
1298 1905 1428 1970 etp.
1461 1901 1583 1955 750.
1631 1903 1840 1971 „brevis

243 1991 597 2062 pimentorum
650 2008 787 2060 quae
838 1991 893 2043 in
946 1991 1103 2043 domo
1159 2007 1276 2044 esse
1331 1990 1528 2044 debent
1567 2002 1621 2045 ut
1660 1993 1838 2046 condi-

247 2085 425 2134 mento
465 2081 595 2134 nihil
644 2080 809 2135 desit:
866 2097 1094 2147 crocum,
1147 2079 1318 2148 piper,
1371 2079 1623 2148 zingiber,
1676 2082 1838 2149 lasar,

245 2168 446 2236 felium,
502 2171 640 2223 baca
688 2170 950 2236 murrhae,
1006 2174 1225 2236 costum,
1280 2169 1630 2238 cariofyllum,
1690 2172 1840 2240 spica

246 2257 440 2325 indica,
484 2258 714 2326 addena,
753 2259 1164 2324 cardamomum,
1190 2258 1340 2326 spica
1361 2259 1566 2326 nardi“,
1610 2259 1697 2313 ubi
1726 2260 1838 2313 viro

247 2346 404 2400 docto
440 2348 670 2400 maxime
710 2347 898 2399 mirum
949 2346 1159 2400 videtur
1197 2347 1401 2415 spicam
1447 2348 1601 2400 nardi
1644 2353 1695 2402 et
1733 2350 1837 2419 spi-

249 2453 368 2488 cam
406 2435 640 2489 indicam
679 2437 843 2489 veluti
873 2436 1112 2502 diversas
1135 2437 1420 2503 recenseri,
1462 2453 1625 2505 quare
1652 2438 1838 2505 reponi

246 2526 359 2579 vult
399 2525 606 2579 celtica.
659 2525 786 2593 quid
835 2525 901 2578 sit
952 2525 1168 2579 addena
1219 2543 1304 2578 me
1343 2526 1488 2579 latet.
1529 2525 1659 2577 haut
1699 2526 1838 2578 enim

246 2604 564 2666 crediderim
603 2612 892 2680 legendum
942 2631 1062 2667 esse
1101 2613 1303 2667 adorea
1341 2615 1427 2667 vel
1465 2618 1613 2667 atera
1652 2614 1837 2668 athera

237 2693 439 2773 σε’-θήρα,
469 2695 649 2774 ἆθάρα
675 2702 916 2757 Diosccr.
941 2704 990 2769 2,
1018 2704 1133 2756 114.
1162 2704 1227 2757 31.
1251 2703 1389 2757 forte
1412 2704 1556 2756 casia
1577 2721 1617 2757 8.
1643 2705 1832 2757 cassia.

351 2791 486 2844 Huic
525 2791 762 2859 praemio
802 2808 910 2844 non
949 2792 1118 2845 minus
1151 2793 1413 2846 addidisti.
1430 2798 1553 2845 ante
1583 2792 1715 2845 duos
1742 2777 1832 2844 an-

239 2896 335 2935 nos
388 2865 630 2936 codice-m
670 2880 1005 2934 florentinum
1045 2880 1188 2952 (cod.
1221 2882 1291 2934 20
1349 2882 1480 2953 plut.
1520 2882 1604 2940 73.
1647 2881 1831 2935 biblic-
