2066 3276
330 265 471 333 108,

900 267 999 314 Lib.
1024 267 1077 312 V.
1142 268 1356 326 Ospreos.

459 401 572 454 198.
624 400 847 454 Aliter
886 401 1107 469 pisam
1161 401 1310 454 sive
1363 400 1615 453 fabam:
1669 401 1755 453 ubi
1808 399 1925 452 des-

341 474 662 544 pumaveriS,
719 480 858 528 teres
911 476 1033 541 mel,
1087 475 1375 541 liquamen,
1431 490 1731 540 caroenum,
1786 473 1925 526 cimi-

342 565 484 614 num,
527 553 713 615 lutam,
757 549 868 626 api
886 565 1083 602 semen.
1129 549 1301 601 oleum
1346 554 1398 601 et
1435 547 1626 600 vinum.
1681 546 1927 601 turunda-

341 622 438 675 bis.
483 639 599 674 cum
643 623 828 693 pipere
819 614 990 675 ”trito
1035 627 1086 675 et
1127 638 1243 675 cum
1285 621 1448 675 isiciis
1487 621 1701 675 infelffes

457 697 575 748 199.
620 697 837 750 Aliter
876 696 1097 764 pisam
1150 695 1285 748 sibi
1337 696 1593 747 stabam
1650 695 1928 762 despuma-

339 774 446 821 tam
488 770 708 823 subtrito
749 771 925 823 lasare
978 769 1201 838 particO,
1255 768 1540 835 liquamine
1596 773 1649 821 et
1702 784 1928 821 carocno

323 843 574 905 condies,
617 845 790 898 oleum
831 843 1041 897 modice
1082 842 1424 911 superfundis
1466 847 1517 895 et
1554 842 1769 895 inferes

453 919 574 971 200.
631 918 855 972 Pisam
908 917 1299 970 adulteram
1346 916 1788 969 versatilem:
1845 931 1928 967 co-

341 1008 470 1058 ques
499 993 687 1059 pisam.
733 992 999 1045 cerebella
1038 991 1124 1044 vel
1164 991 1402 1044 aucellas
1446 990 1531 1044 vel
1583 994 1749 1042 turtos
1779 1005 1929 1041 exos-

339 1070 486 1118 satos
526 1084 558 1119 a
598 1070 833 1134 pectore,
872 1065 1161 1131 lucanicaS‚
1216 1064 1461 1130 iscinera,
1517 1063 1724 1131 gigeria
1764 1063 1929 1130 pullo-

337 1156 450 1192 rum
490 1139 543 1192 in
584 1142 871 1194 caccabum
914 1139 1090 1205 mittis,
1132 1139 1418 1205 liquamen,
1457 1138 1648 1191 oleum.
1703 1137 1927 1190 fascicu-

337 1214 445 1265 lum
485 1216 642 1284 porri
668 1213 902 1284 capitati,
959 1213 1295 1266 coriandrum
1347 1211 1516 1264 viride
1575 1210 1826 1264 concides
1882 1214 1934 1263 et

341 1304 459 1341 cum
501 1289 779 1341 cerebellis
821 1304 1033 1354 coques
1076 1292 1218 1340 teres
1260 1285 1437 1356 piper
1483 1284 1767 1352 ligisticum
1796 1283 1930 1338 eth

342 1378 408 1429 qu
416 1379 588 1414 amen.

453 1436 574 1488 201.
617 1435 841 1488 Pisam
880 1434 1025 1487 sive
1065 1433 1298 1486 fabam
1340 1433 1811 1486 vitellianam:
1854 1432 1931 1500 pi-

341 1525 454 1562 sam
495 1510 608 1563 sive
647 1509 827 1562 fabam
868 1524 1081 1574 coques
1126 1524 1244 1561 cum
1292 1507 1717 1577 despumaveris,
1757 1507 1932 1558 mittes

339 1640 527 1686 Sallust.
569 1641 624 1686 fr.
671 1643 710 1693 1,
754 1643 822 1685 61.
868 1642 909 1692 2,
942 1641 1013 1684 28.
1046 1654 1090 1696 p.

340 1702 439 1746 138.
484 1702 583 1746 139.
629 1727 679 1732 ——
730 1701 888 1745 libas
926 1704 1091 1756 gustas

340 1760 438 1804 145.
475 1775 587 1805 corr.
622 1774 706 1816 pro
740 1761 876 1804 lias.
914 1785 965 1788 ⁴—
1000 1760 1087 1803 mi-

337 1821 420 1864 tis
451 1820 653 1876 mitigas,
693 1825 939 1874 temperas,
973 1832 1087 1863 corr.

337 1893 422 1936 pro
455 1879 659 1923 mittis.
705 1879 754 1922 id
786 1892 956 1922 novum
990 1891 1087 1921 ver-

337 1940 446 1984 bum
489 1939 697 1982 nesciens
738 1939 871 1981 Hum.
906 1937 1090 1992 scripsit

337 1998 450 2042 mel
514 1997 715 2041 mittis.
781 1996 1087 2052 supplendum

425 2116 487 2159 ad
508 2115 602 2159 198.
635 2114 1088 2169 despumaverit

335 2180 378 2227 β.
417 2176 513 2218 193.
547 2173 1085 2218 tutunclabiscodd.

336 2232 714 2278 tudiculabis
747 2232 878 2276 Hum.
907 2232 969 2274 ad
990 2233 1085 2274 191.

337 2319 388 2323 ——
426 2306 546 2337 cum
578 2291 784 2335 isiciis
817 2291 877 2334 ad
909 2292 978 2334 93.
1014 2304 1086 2333 su·

334 2365 420 2407 pra
444 2353 743 2407 imponuntur
774 2349 946 2393 Athen.
967 2351 1009 2401 9,
1032 2349 1086 2392 15

335 2411 381 2453 in
413 2410 610 2454 Martial.
647 2410 688 2460 5,
723 2410 792 2460 78,
825 2410 865 2451 9.

424 2469 486 2513 ad.
506 2470 603 2512 199.
636 2467 916 2523 parthico
949 2467 1082 2510 Hum.

335 2533 436 2572 erat
477 2528 728 2572 secundum
773 2539 800 2570 a
839 2525 1084 2582 cyrenaico

333 2591 431 2630 tum
464 2587 714 2633 rarissimo.
758 2586 879 2628 Plin.
912 2586 980 2635 19,
1013 2584 1082 2627 38.

337 2646 729 2702 —liquamen
761 2648 828 2698 ssy.

423 2705 485 2748 ad
502 2704 602 2748 200.
636 2703 976 2746 adulteram
994 2715 1087 2745 non

332 2763 593 2819 genuinam,
628 2763 851 2817 impuram
869 2775 961 2805 non
981 2773 1086 2804 con-

335 2836 500 2878 600110,
522 2822 629 2878 quia
646 2822 945 2875 vituperaret.
982 2832 1087 2862 con-

332 2882 417 2926 ieci
446 2881 507 2926 ad
534 2880 786 2925 alteram
817 2879 913 2924 scil.
948 2879 1087 2922 ratio·

1182 1653 1300 1689 nem,
1335 1638 1409 1682 vel
1442 1638 1503 1681 ad
1545 1638 1825 1688 alteram,
1870 1639 1934 1681 al-

1182 1704 1315 1743 terna
1347 1698 1463 1748 vice,
1495 1697 1701 1748 alternis,
1735 1697 1934 1741 alterna-

1183 1759 1281 1807 tim,
1314 1757 1389 1801 vel
1431 1757 1796 1807 matulleam‚
1841 1769 1934 1800 ma-

1182 1817 1399 1867 tullitam,
1444 1830 1500 1860 ex
1533 1816 1742 1859 altilibus
1777 1816 1933 1859 condi-

1183 1881 1292 1919 tam.
1329 1874 1383 1919 cf.
1418 1873 1621 1926 ματύλλη,
1653 1874 1861 1918 matulla.
1883 1900 1931 1904 ——

1181 1949 1210 1978 v
1226 1949 1250 1979 6
1264 1949 1284 1978 1·
1298 1948 1319 1977 6
1334 1947 1361 1977 a
1375 1935 1419 1977 ti
1438 1934 1451 1977 l
1468 1948 1491 1978 6
1506 1947 1549 1976 111
1597 1946 1934 1989 ausgesonnen,

1181 1993 1297 2049 klug
1324 1994 1420 2036 122.
1457 2019 1506 2022 —-
1543 1993 1931 2037 avicellased.

1178 2067 1243 2108 pr.
1259 2053 1314 2096 H.
1338 2053 1432 2096 181.
1455 2078 1507 2084 —
1541 2052 1739 2095 turdos
1772 2065 1932 2096 exos-

1178 2117 1351 2156 satos
1376 2124 1403 2154 a
1426 2116 1671 2166 pectore
1693 2111 1931 2154 turdorum

1177 2172 1366 2226 pulpam
1414 2171 1471 2214 de
1502 2174 1700 2225 pectore
1742 2174 1932 2222 sectam,

1177 2228 1520 2280 bruststuecke,
1554 2233 1746 2283 pectora
1774 2229 1932 2272 turdo-

1177 2302 1276 2331 rum
1312 2289 1407 2332 134.
1452 2300 1507 2332 ea
1540 2288 1657 2331 enim
1700 2300 1807 2342 pars
1851 2301 1930 2332 no-

1177 2348 1400 2391 bilissima
1444 2346 1718 2390 habebatur.
1765 2372 1815 2376 ——
1861 2347 1928 2402 gi-

1175 2407 1301 2450 zeria
1332 2404 1486 2460 βγὸκθ.
1530 2405 1735 2460 ginzeria
1779 2406 1808 2452 ζ.
1844 2419 1927 2462 gy-

1176 2466 1299 2509 zeria
1339 2481 1382 2506 π.
1425 2465 1592 2508 zizeria
1634 2464 1704 2507 ed.
1750 2478 1818 2519 pr.
1865 2465 1926 2507 ad

1177 2525 1274 2567 141.
1322 2548 1376 2553 ——
1425 2523 1646 2578 intellege
1697 2536 1779 2575 „eo
1826 2523 1923 2567 iure

1178 2583 1367 2628 condies
1399 2583 1572 2637 pisam“
1613 2583 1709 2624 197.
1746 2607 1799 2611 ——

1268 2642 1330 2685 ad
1362 2643 1462 2685 201.
1495 2640 1837 2684 vitellinam
1883 2643 1926 2682 θ.

1181 2701 1242 2744 ad
1263 2702 1357 2744 197.
1385 2726 1435 2730 -—
1461 2699 1926 2754 despumavcrit.

1180 2760 1319 2804 codd.
1356 2760 1451 2802 193.
1480 2758 1651 2802 204.—
1674 2757 1927 2801 coliclos

1182 2833 1239 2863 ex
1273 2818 1371 2861 180.
1406 2816 1589 2862 restitui
1614 2829 1698 2871 pro
1733 2814 1924 2859 flores

1179 2878 1253 2923 vel
1287 2878 1417 2934 legas
1451 2876 1612 2920 coles
1638 2875 1792 2919 caules
1814 2874 1926 2920 mal-
