2066 3276
271 236 343 292 70
787 238 887 285 Lib.
915 238 992 284 IV.
1055 239 1327 287 Pandectes.

386 372 506 426 121.
559 372 808 426 Patina
862 373 1290 428 cottidiana:
1347 376 1614 429 cerebella
1662 376 1859 431 elixata

268 450 409 501 teres
459 463 578 500 cum
629 447 833 518 pipere.
889 447 1151 514 ciminum,
1203 449 1347 502 lasar
1400 466 1517 503 eum
1555 450 1856 518 liquamine,

270 537 575 587 curoenum,
624 522 765 575 lacte
819 527 870 575 et
923 522 1052 575 ovis.
1095 521 1166 575 ad
1211 522 1391 591 ignem
1448 523 1623 577 lenem
1663 525 1750 578 vel
1788 524 1859 578 ad

267 611 461 662 aquam
503 594 731 649 calidam
773 612 987 662 coques,

383 670 504 722 122.
545 669 713 723 Aliter
752 670 998 740 patina
1035 670 1439 726 versatilis:
1488 671 1723 738 nucleOS,
1764 688 1857 724 nu-

268 759 358 797 ces
397 742 612 810 fractaS,
665 748 809 798 tores
863 760 955 797 eas
997 749 1049 798 et
1085 750 1227 798 teres
1270 761 1388 798 cum
1427 746 1603 812 melle,
1652 746 1856 816 pipere,

264 816 570 885 liquamine,
613 818 752 872 lacte
793 822 846 872 et
886 818 1015 871 ovis,
1059 818 1162 872 olei
1200 818 1482 874 modicum.

379 892 501 945 123.
542 891 711 945 Aliter
750 892 961 963 patina:
1014 892 1197 946 tirsum
1236 894 1479 947 lactucae
1526 897 1685 960 tereS,
1739 910 1857 948 cum

358 994 421 1038 ad
454 995 554 1039 121.
608 995 879 1040 ciminum
929 999 1015 1040 cet.

265 1066 329 1100 sc.
356 1055 626 1100 commisces
646 1054 743 1100 419.
779 1055 833 1099 la
848 1060 941 1100 cte
961 1059 1019 1100 et

264 1128 293 1218 (1)
295 1128 353 1218 2}
350 1114 366 1158 i
377 1127 619 1218 s1203pques
649 1120 740 1185 ‘et‘
768 1115 1016 1227 obligagis.

357 1207 367 1225 ‚
492 1207 503 1218 .
563 1187 695 1219 ovis
728 1188 774 1218 m
805 1187 897 1218 una
989 1186 1018 1218 a

264 1233 413 1289 prima
443 1245 595 1286 manu,
630 1234 762 1279 obis
790 1247 818 1278 a
841 1247 930 1279 sec.
950 1234 1016 1278 in-

265 1292 323 1337 de
365 1297 527 1337 natum
570 1297 828 1338 ceterorum
868 1294 1016 1345 olus,

264 1364 363 1408 par.
396 1351 585 1397 holus.
621 1352 677 1397 cf.
715 1354 813 1398 122.
848 1353 905 1397 de
925 1366 1016 1398 me-

263 1411 471 1455 dicorum
514 1416 563 1456 et
610 1425 861 1468 coquorum
908 1412 1016 1468 igne

261 1470 356 1515 leni
397 1471 493 1515 dixi
534 1471 596 1515 ad
640 1471 816 1528 Gargil.
863 1485 906 1528 p.
941 1472 1014 1516 41.

263 1530 494 1586 coquendi
518 1531 745 1576 rationem
769 1531 829 1576 ad
847 1543 1015 1587 aquam

265 1589 463 1634 calidam
497 1590 680 1645 explico
722 1591 808 1635 tibi
841 1604 898 1635 ex
931 1590 1015 1635 Ca-

261 1653 359 1694 ton.
401 1650 471 1693 81.
516 1650 692 1703 „indito
730 1650 776 1694 in
807 1649 1014 1694 hirneam

261 1704 466 1761 fictilem,
497 1722 598 1754 eam
618 1709 854 1754 demittite
872 1709 918 1753 in
936 1722 1014 1753 au-

261 1768 353 1812 lam
386 1767 609 1814 aheneam
649 1782 801 1825 aquae
834 1769 1014 1813 calidae

260 1827 464 1885 plenam,
508 1829 576 1872 ita
619 1829 809 1885 coquito
851 1829 915 1872 ad
945 1829 1014 1884 ig—

259 1890 407 1932 nem“.
449 1887 544 1932 olla
575 1888 717 1945 igitur
747 1884 905 1932 fictilis
937 1887 1014 1932 vel

258 1959 397 1992 aerea
428 1947 577 1992 minor
608 1952 704 1991 stat
738 1948 812 1992 vel
839 1947 1014 2003 pendet

258 2005 306 2050 in
349 2006 477 2063 pelvi
518 2019 641 2063 aqua
687 2005 897 2051 fervente
944 2019 1013 2051 re-

258 2065 402 2121 pleta,
445 2070 498 2110 ut
537 2078 661 2122 aqua
691 2067 841 2123 magis
874 2079 1011 2122 quam

257 2125 366 2181 igne
398 2126 639 2181 coquatur.
673 2137 729 2169 ea
759 2125 1012 2170 incunabu-

259 2183 306 2228 la
351 2183 507 2229 balnei
539 2184 726 2228 -Mariae
773 2198 864 2228 non
905 2197 1010 2228 raro

259 2243 532 2295 invenimus,
565 2244 691 2299 apud
722 2244 932 2288 Dioscor.
967 2244 1010 2295 3,

255 2302 327 2346 87.
363 2302 524 2347 Galen.
544 2302 597 2345 Τ.
620 2302 699 2346 VI.-
723 2317 767 2358 p.
786 2304 888 2347 288.
908 2303 1010 2354 291,

256 2359 383 2417 ἕψεῒν
414 2360 482 2402 ἔπ’
515 2360 685 2417 ἆγγείου
717 2360 873 2402 διπλοῦ
910 2361 1010 2406 Sive

257 2419 305 2461 ἓν
336 2418 574 2474 ὃιπλώματι
605 2421 657 2464 Τ.
683 2420 808 2464 XIII.
842 2435 886 2477 p.
907 2420 1008 2465 535.

257 2479 361 2524 6611.
383 2479 636 2534 Geoponic.
656 2480 699 2532 8,
713 2481 785 2531 27,
798 2482 839 2524 3.
859 2479 1010 2524 Theo-

256 2538 356 2583 dor.
388 2539 529 2582 Prisc.
564 2538 607 2590 4,
642 2539 681 2582 1.
713 2539 911 2583 Martial.
939 2539 1008 2590 13,

254 2598 327 2641 33.
363 2597 421 2642 de
455 2597 602 2642 caseis
636 2598 759 2650 „sive
781 2598 875 2642 levi
897 2600 1009 2653 (rna-

255 2656 335 2700 lim
372 2656 541 2709 „leni“)
577 2655 775 2709 flamma,
809 2657 906 2701 sive
926 2656 1008 2700 do-

254 2727 438 2759 mamur
483 2718 648 2771 aqua“.
712 2714 768 2759 ef.
818 2716 889 2759 66.
950 2715 1008 2760 (16

254 2774 510 2830 sportellae
527 2774 664 2818 simili
681 2786 767 2819 usu
783 2774 883 2818 364.
902 2773 1003 2818 374.

254 2832 354 2876 248.
415 2833 532 2878 Plin.
574 2833 678 2877 Val.
721 2835 763 2886 3,
808 2833 877 2877 14.
921 2831 1000 2878 fol.

256 2891 357 2937 194.
389 2892 433 2938 b.
467 2892 539 2938 ed.
573 2890 685 2938 Ald.

1197 995 1258 1039 ad
1292 997 1388 1040 122.
1433 996 1597 1041 iisdem
1630 995 1726 1041 fere
1758 1010 1858 1042 ver-

1111 1054 1180 1100 bis
1213 1056 1413 1111 repetita
1443 1057 1605 1112 patina
1648 1057 1746 1100 136.
1798 1055 1853 1101 cf.

1108 1119 1156 1159 et
1187 1115 1440 1171 impensam
1476 1116 1753 1160 terentinam
1785 1116 1855 1160 53.

1108 1188 1138 1218 v
1152 1187 1176 1218 e
1188 1189 1210 1218 r
1222 1189 1243 1219 s
1256 1187 1284 1218 a
1296 1179 1316 1218 t
1328 1175 1429 1219 ilis
1464 1175 1631 1219 dicitur
1647 1175 1856 1226 Barthio,

1109 1234 1234 1290 quod
1266 1234 1406 1278 variis
1438 1235 1652 1279 missibus
1684 1235 1858 1290 apponi

1106 1294 1270 1348 possit,
1303 1294 1484 1338 Listero
1519 1294 1644 1349 quod
1671 1295 1856 1350 saepius

1106 1357 1349 1397 versentur
1366 1353 1641 1405 codimenta,
1675 1353 1782 1397 dum
1801 1367 1857 1398 ex

1106 1411 1229 1457 lacte
1248 1416 1295 1456 et
1314 1413 1415 1456 ovis
1434 1412 1711 1468 obligentur.
1746 1413 1855 1457 olim

1106 1471 1216 1515 mihi
1249 1476 1349 1515 erat
1372 1484 1490 1527 quae
1513 1477 1739 1524 versatur,
1773 1473 1855 1516 cir-

1108 1531 1301 1582 ematur,
1334 1531 1380 1574 in
1413 1532 1687 1576 antecoenio
1713 1532 1855 1575 omni-

1105 1590 1192 1634 bus
1226 1589 1558 1642 circumfertur,
1603 1590 1855 1647 περιάγεται,

1105 1650 1227 1694 unde
1261 1648 1570 1706 περιαγόμενον
1608 1663 1679 1706 ap.
1714 1650 1852 1707 Diog-

1104 1709 1257 1753 Laert.
1292 1710 1333 1760 2,
1369 1710 1465 1753 139.
1499 1708 1676 1754 Athen.
1699 1710 1767 1761 10,
1799 1710 1854 1754 15

1104 1782 1149 1824 p.
1181 1768 1271 1812 420
1296 1767 1354 1811 A.
1390 1769 1748 1824 παραφερόμενον
1779 1781 1852 1824 ap.

1104 1827 1223 1871 Plat.
1271 1841 1367 1883 rep.
1403 1829 1443 1879 1,
1488 1827 1545 1871 24
1587 1842 1630 1883 p.
1666 1828 1765 1872 354.
1799 1828 1853 1872 B.

1105 1899 1251 1932 coena
1293 1887 1533 1931 ambulans
1572 1888 1770 1931 Martial.
1813 1888 1853 1939 7,

1103 1947 1175 1998 48,
1217 1947 1256 1990 5.
1300 1951 1352 1990 ut
1406 1948 1599 2003 quisque
1653 1951 1854 1991 sumeret

1105 2010 1326 2062 quantum
1360 2006 1539 2057 liberet,
1573 2004 1628 2050 cf.
1654 2005 1854 2051 Beckeri

1105 2065 1267 2111 Gallus
1300 2065 1377 2109 III.
1412 2079 1457 2121 p.
1494 2066 1711 2109 180181.
1745 2066 1852 2110 We:

1101 2124 1185 2169 ber
1226 2124 1288 2167 ad
1328 2125 1489 2169 Horat.
1532 2128 1618 2168 sat.
1661 2138 1706 2180 p.
1750 2125 1850 2169 369.

1102 2184 1177 2228 vel
1210 2195 1329 2239 quae
1361 2187 1581 2235 mutatur,
1614 2197 1707 2228 non
1740 2197 1852 2240 quo·

1102 2243 1280 2287 tidiana
1323 2247 1408 2294 est,
1449 2243 1605 2298 speise
1647 2257 1728 2286 zur
1770 2243 1851 2287 ab·

1101 2301 1513 2358 wechslung.nunc
1530 2301 1639 2345 mihi
1659 2306 1730 2346 est
1746 2315 1848 2346 ver-

1101 2361 1275 2413 sabilis,
1307 2366 1509 2412 versuta,
1537 2360 1850 2416 kluge‘speise

1102 2433 1354 2476 coquorum
1371 2420 1738 2471 vernaculorum,
1765 2420 1850 2464 sic-

1102 2493 1190 2535 que
1234 2479 1436 2534 explices
1478 2483 1664 2535 gustum
1696 2491 1850 2523 versa-

1099 2539 1182 2583 tile
1232 2539 1329 2582 181.
1388 2539 1536 2594 pisam
1584 2538 1849 2582 versatilem

1100 2598 1199 2642 200.
1235 2623 1290 2629 —
1331 2602 1500 2642 tores
1534 2597 1744 2642 codicum
1776 2600 1849 2641 est

1099 2661 1314 2701 torres

1186 2774 1248 2818 ad
1281 2774 1378 2817 123.
1431 2774 1637 2817 tirsum
1670 2772 1744 2816 ed.
1777 2786 1844 2827 pr.

1097 2837 1325 2890 tyrsum
1353 2836 1401 2877 et
1422 2831 1690 2889 thyrsum
1709 2831 1843 2876 codd.

1095 2891 1152 2938 cf.
1185 2891 1375 2937 Sueton.
1407 2889 1532 2949 Aug.
1569 2891 1637 2936 77.
1671 2890 1737 2938 sic
1759 2889 1849 2935 ho-
