2066 3276
760 235 860 279 Lib.
892 235 970 279 IX.
1034 235 1243 281 Talassa.
1672 237 1774 289 191

297 369 423 421 419.
468 367 556 421 Sic
595 367 763 421 facies
806 385 923 421 eam
965 369 1171 439 sepiam
1213 373 1449 422 coctam:
1506 369 1777 422 cerebella

189 441 330 496 elixa
383 447 636 495 enervata
686 447 828 495 teres
882 459 1002 495 cum
1062 442 1268 512 pipere,
1338 442 1423 495 cui
1477 443 1775 495 conmisces

189 533 292 569 ova
332 515 497 569 cruda
537 515 680 582 quod
729 516 858 568 satis
912 516 1024 582 erit,
1079 516 1235 586 piper
1286 516 1568 583 integrum,
1621 516 1777 569 isicia

186 591 388 643 minuta
427 594 480 642 et
518 589 594 642 sic
635 605 916 643 consumes
958 594 1010 642 et
1047 589 1103 641 in
1138 590 1445 643 bullientem
1473 590 1631 643 ollam
1660 590 1775 642 mit-

186 670 267 718 tes
306 664 383 716 ita
420 667 477 715 ut
517 663 658 716 coire
696 663 927 731 inpensa
964 662 1149 731 possit.

297 739 421 790 420.
467 737 659 806 Sepias
700 738 871 790 elixas
911 739 979 790 ab
1020 737 1193 790 aheno
1246 737 1299 789 in
1350 735 1602 803 frigidam
1654 737 1775 790 mis-

187 829 275 865 sas
317 829 435 865 cum
473 812 677 880 pipere,
719 812 910 878 lasare,
951 811 1259 880 liquamine,
1294 811 1516 864 nucleis,
1561 828 1679 864 ova.
1724 815 1778 864 et

188 886 407 940 condies
446 890 504 937 ut
540 886 706 939 voles,

297 961 422 1012 421.
463 958 632 1013 Aliter
670 958 878 1028 sepias:
920 958 1092 1028 piper,
1149 956 1453 1024 ligisticum,
1510 956 1774 1025 ciminum,

187 1033 523 1089 coriandrum
575 1033 763 1099 viride,
830 1037 1063 1086 mentam
1116 1031 1339 1098 aridam,
1403 1030 1489 1083 ovi
1521 1030 1775 1097 vitellum,

186 1110 307 1175 mel,
361 1108 648 1175 liquamen,
701 1107 898 1173 vinum,
966 1110 1174 1160 acetum
1229 1110 1282 1159 et
1334 1105 1525 1158 oleum.
1582 1109 1635 1157 et
1675 1106 1778 1177 ‘ubi

186 1182 432 1249 bullierit,
475 1183 649 1234 amolo
692 1181 918 1248 obligas,

297 1258 422 1310 422.
464 1257 539 1309 In
577 1255 853 1327 polipo:
895 1253 1100 1326 pipere,
1128 1252 1437 1321 liquamine,
1466 1253 1659 1307 lasare.
1700 1252 1777 1306 in-

185 1331 343 1386 feres,

297 1406 421 1458 423.
464 1406 538 1457 In
578 1403 924 1457 hostreis:
977 1402 1151 1471 piper,
1204 1399 1508 1468 ligisticum,
1564 1400 1650 1453 ovi
1702 1401 1777 1454 vi-

185 1480 384 1546 tellum,
426 1483 652 1546 acetum,
693 1478 979 1544 liquamen,
1035 1477 1209 1529 oleum
1251 1479 1304 1527 et
1341 1475 1535 1527 vinum.
1591 1475 1635 1528 si
1686 1492 1776 1528 vo-

184 1554 361 1620 lueriS,
405 1558 457 1606 et
495 1553 600 1605 mel
640 1552 826 1605 addes.

295 1629 420 1680 424.
464 1629 538 1678 In
578 1643 770 1679 omne
824 1641 1037 1692 genus
1078 1622 1574 1676 conciliorum:
1606 1623 1776 1691 piper,

184 1701 485 1769 ligisticum,
534 1700 915 1768 petresilinum,
969 1702 1203 1751 mentam
1257 1698 1474 1763 siccam,
1529 1698 1776 1751 ciminum

183 1775 498 1844 plusculum,
541 1775 664 1841 mel,
705 1774 991 1842 liquamen,
1034 1772 1077 1825 si
1117 1772 1284 1839 voleS,
1339 1771 1523 1824 folium
1579 1776 1631 1824 et
1669 1789 1777 1824 ma-

183 1851 460 1903 labatrum.

294 1923 419 1976 425.
475 1923 550 1974 In
605 1919 883 1973 echino:
939 1919 1176 1990 accipies
1227 1919 1511 1987 pultarium
1564 1935 1776 1986 novum,

184 1997 357 2051 oleum
397 1996 683 2060 modicum,
726 1995 1013 2061 liquamen,
1054 1994 1235 2046 vinum
1276 1992 1450 2060 dulce,
1492 1993 1648 2061 piper
1683 1993 1776 2045 mi-

183 2080 381 2124 nutum.
424 2070 592 2124 facies
633 2074 690 2121 ut
727 2069 951 2135 ferveat,
1007 2084 1126 2121 cum
1166 2067 1435 2134 fervuerit,
1490 2068 1544 2119 in
1596 2067 1787 2133 singu«,

182 2223 256 2264 set
288 2232 311 2263 c
325 2233 351 2264 o
366 2219 442 2262 rti
456 2232 483 2261 n
497 2230 538 2269 a,
555 2231 645 2262 non
666 2217 931 2261 delevisset.

184 2305 236 2310 »ῃ
272 2279 511 2333 aperies
544 2290 721 2333 punges
755 2288 841 2319 acu
858 2274 930 2318 vel

183 2337 385 2382 cultello-

271 2397 332 2440 ad
363 2397 465 2439 419.
501 2399 727 2439 coctam
757 2393 855 2436 260.
879 2417 931 2423 —

182 2469 359 2501 succo
417 2468 550 2499 sues
607 2466 702 2509 par.
773 2453 932 2497 sicco

182 2529 314 2560 sues
356 2516 400 2558 in
445 2514 624 2564 ceteris,
671 2513 757 2556 sic
797 2524 927 2556 con-

182 2588 318 2619 sues
351 2575 404 2618 H.
441 2586 497 2618 ex
529 2573 629 2616 262.
655 2573 756 2615 431.
792 2571 931 2616 etiam

182 2634 361 2678 tentavi
439 2632 649 2689 sicium
740 2643 931 2674 sumes

182 2691 560 2749 comprehendes,
590 2691 783 2746 colliges
810 2690 931 2734 etin

181 2767 211 2809 p
229 2765 426 2798 ensam
463 2751 559 2795 159.

272 2812 332 2855 ad
349 2811 449 2855 420.
484 2809 673 2854 aheno
692 2809 763 2853 vel
785 2821 931 2852 aeno

183 2884 238 2917 ex
280 2884 376 2928 par.
423 2883 542 2914 corr.
583 2882 668 2925 pro
716 2869 929 2913 alieno.

1024 2214 1085 2258 ad
1132 2228 1263 2258 usum
1317 2215 1414 2258 eius
1457 2215 1559 2258 381.
1595 2238 1649 2245 —
1691 2227 1778 2269 pro

1024 2274 1238 2318 missas
1269 2274 1315 2316 in
1348 2273 1528 2318 unaed.
1549 2286 1617 2329 pr.
1652 2274 1777 2317 mis-

1025 2346 1133 2377 ces.
1167 2333 1289 2377 forte
1321 2333 1577 2377 misceas
1605 2345 1778 2378 verum.

1025 2418 1079 2424 —
1114 2405 1225 2436 ova
1257 2392 1400 2436 cruda
1432 2392 1715 2436 commisces.

1113 2452 1175 2495 ad
1206 2451 1307 2494 424.
1344 2451 1777 2495 conchiliorum

1024 2510 1158 2555 Hum.
1192 2511 1250 2555 de
1283 2511 1338 2554 iis
1370 2510 1591 2565 parandis
1622 2511 1777 2555 Xeno‘

1025 2570 1465 2625 crat.ap.1deler.1.
1498 2583 1542 2626 p.
1576 2571 1660 2614 126
1679 2584 1775 2627 seq.

1113 2630 1175 2673 ad
1206 2630 1307 2673 425.
1371 2629 1563 2674 vinum
1601 2630 1778 2674 dulce

1023 2688 1286 2734 vehementi
1311 2690 1564 2744 opponitur
1586 2701 1614 2732 a
1638 2689 1776 2734 Celso

1023 2750 1064 2800 2,
1102 2750 1167 2792 18.
1214 2761 1442 2804 aquosum
1481 2752 1665 2799 natura,
1707 2762 1777 2793 ce·
1843 2768 1845 2770 ·

1023 2812 1172 2852 terum
1214 2812 1448 2852 austerum
1496 2811 1570 2853 est
1613 2807 1776 2853 Galen.

1022 2867 1237 2911 method..
1262 2867 1382 2911 med.
1419 2868 1458 2919 7,
1493 2868 1533 2911 6.
1574 2881 1666 2911 non
1710 2867 1777 2912 vi-
