2066 3276
696 232 796 278 Lib.
829 231 929 278 VII.
962 229 1201 277 Politeles.
1615 229 1719 283 155

245 370 367 421 319.
430 368 703 422 Tubera
742 367 903 434 radis,
957 366 1142 433 elixas,
1197 364 1311 418 sale
1352 362 1620 432 aspargis,
1667 367 1720 416 et

131 444 341 496 surculo
400 442 593 510 infigiS,
652 443 907 496 subassas
967 445 1019 494 et
1075 440 1237 492 mittis
1306 438 1359 490 in
1431 438 1719 492 caccabum

132 517 323 582 oleum,
365 516 650 584 liquamen,
695 532 996 582 caroenum,
1038 514 1233 579 vinum,
1285 512 1441 581 piper
1494 516 1546 565 et
1595 511 1717 566 mel.

130 607 249 643 cum
289 590 786 656 fervuerit,‘a.molo
837 589 1060 656 obligas,
1112 589 1302 641 tubera
1353 602 1615 639 exoneras
1669 590 1722 639 et

127 663 341 718 inferes,

241 740 363 791 320.
426 738 594 790 Aliter
631 738 851 790 tubera:
907 736 1076 789 elixas
1118 739 1188 788 et'
1222 750 1447 804 asparso
1501 734 1614 787 sale
1666 733 1721 786 in

129 812 354 866 surculis
395 811 574 879 affigis
617 816 669 864 et
708 811 960 864 subassas
1012 816 1063 863 et
1111 808 1271 861 mittis
1323 808 1377 860 in
1430 809 1721 861 caccabum

129 887 419 952 liquamen,
459 887 654 950 oleum,
696 884 881 950 viride,
913 900 1216 948 caroenum,
1246 882 1426 934 vinum
1452 881 1721 935 modicum

129 966 180 1013 et
218 961 374 1028 piper
414 959 744 1012 confractum
788 963 839 1011 et
878 957 1048 1011 mellis
1097 955 1364 1009 modicum
1407 960 1459 1008 et
1496 955 1717 1009 ferveat.

129 1050 246 1087 cum
286 1033 557 1099 fervuerit,
601 1033 777 1084 amolo
823 1033 1028 1099 obligas
1079 1036 1131 1084 et
1181 1032 1369 1084 tubera
1422 1030 1721 1098 conpungis

130 1113 186 1159 ut
226 1108 514 1160 conbibant
551 1106 696 1159 illud.
742 1122 1022 1160 exoneras.
1067 1122 1182 1159 cum
1240 1106 1374 1158 bene
1424 1104 1723 1158 sorbuerint

123 1181 338 1235 inferes.
383 1182 427 1249 si
466 1180 716 1247 volueriS,
760 1180 950 1234 eadem
990 1181 1180 1233 tubera
1233 1183 1445 1233 omento
1496 1179 1719 1247 porcino

124 1255 366 1309 involves
409 1261 460 1309 et
499 1255 707 1308 assabis
750 1260 802 1308 et
840 1256 916 1308 sic
958 1254 1170 1307 inferes,

240 1331 363 1382 321.
424 1330 590 1383 Aliter
629 1331 814 1382 tubera
857 1345 1156 1396 oenogaro:
1198 1327 1369 1396 piper,
1412 1325 1718 1394 ligisticum,

129 1404 484 1470 coriandrum,
538 1408 725 1470 rutam,
780 1403 1065 1470 liquamen,
1119 1403 1240 1468 mel,
1294 1401 1490 1467 vinum,
1545 1401 1721 1454 oleum

126 1478 353 1531 modice.
398 1478 702 1532 calefacies.
1590 1513 1604 1531 .

240 1554 346 1605 322
405 1553 572 1605 Aliter
600 1553 826 1604 tubera:
867 1550 1038 1618 piper,
1082 1555 1331 1615 mentam,
1366 1553 1553 1615 rutam,
1595 1549 1719 1616 mel,

128 1628 319 1693 oleum,
360 1627 539 1679 vinum
580 1624 861 1678 modicum.
906 1623 1194 1677 calefacies
1236 1628 1287 1676 et
1325 1622 1540 1677 inferes

240 1702 363 1754 323.
431 1700 627 1753 Aliter:
682 1701 872 1752 tubera
927 1698 1067 1751 elixa
1121 1715 1239 1751 cum
1291 1714 1468 1766 porr0,
1525 1696 1720 1751 deinde

124 1776 253 1842 sale,
282 1775 487 1843 pipere,
518 1773 799 1827 coriandro
830 1772 1061 1838 concise,
1090 1789 1236 1825 mero
1261 1772 1476 1840 optimo,
1504 1771 1716 1825 inferes.

237 1850 357 1901 324.
401 1849 567 1902 Aliter
606 1849 822 1901 tubera:
874 1847 1046 1918 piper,
1102 1847 1366 1914 ciminum,
1420 1846 1520 1923 silj²
1573 1863 1718 1901 men-

126 2055 199 2098 cui
232 2054 534 2099 inhaerebant
566 2067 657 2099 ova
689 2055 749 2099 ad
773 2069 876 2110 spe-

126 2117 239 2158 ciem
273 2126 391 2158 uvae
422 2114 679 2158 saliebatur
711 2119 758 2159 et
791 2115 875 2159 sub

124 2173 307 2217 nomine
394 2173 584 2229 οὐραῖον,
657 2173 876 2218 horaeum

124 2233 250 2282 item,
284 2232 465 2286 ιὸρατον,
499 2233 607 2289 quia
640 2234 761 2276 circa
794 2247 876 2277 ver

126 2287 471 2343 conficiebatur,
566 2293 611 2335 in
700 2293 877 2337 deliciis

126 2355 238 2394 erat.
283 2350 425 2395 hodie
473 2351 645 2402 dotter,
699 2352 878 2396 ‹lotter-

125 2409 250 2453 sack.
287 2408 417 2453 Oken
450 2409 504 2453 V.
542 2411 578 2452 1.
614 2424 656 2465 p.
692 2411 791 2454 534.

212 2469 273 2511 ad
291 2469 391 2512 319.
417 2470 657 2512 surculo
681 2468 757 2512 inf.
778 2470 873 2512 183.

124 2539 418 2571 exoneras
481 2527 690 2572 surculos
749 2529 876 2572 tollis

124 2600 236 2630 corr.
283 2600 367 2641 pro
402 2600 658 2630 exornas
692 2592 738 2631 et
770 2588 875 2631 320.

122 2645 243 2689 unde
277 2645 504 2700 quaedam
538 2646 769 2701 suppleas.

209 2704 271 2748 ad
291 2705 393 2748 320.
426 2704 874 2760 piperconfrac-

122 2768 141 2807 t
156 2777 183 2807 u
196 2777 239 2807 m
273 2763 441 2807 dubius
462 2764 600 2818 iunxi,
620 2777 724 2807 nam
751 2778 775 2808 c
788 2779 814 2809 o
826 2778 875 2807 n-

122 2822 383 2866 fractum
426 2837 509 2878 per
552 2837 601 2867 se
643 2823 761 2867 sumi
793 2837 875 2878 po-

122 2886 215 2926 test
254 2882 323 2925 53.
371 2885 418 2926 et
459 2883 681 2938 postponi
725 2896 872 2926 emen-

969 2055 1149 2099 dationi
1211 2054 1557 2098 enbract'um
1616 2055 1718 2099 359.

966 2114 1604 2170 444.-conpungensin
1623 2127 1717 2159 sex.

968 2198 1024 2204 —
1047 2174 1402 2218 sorbuerint
1434 2173 1719 2218 velsorbe-

969 2234 1088 2276 rint
1119 2233 1283 2288 scripsi
1302 2247 1385 2288 pro
1411 2232 1717 2277 ferverint.

1072 2293 1134 2335 ad
1174 2294 1276 2336 321.
1357 2305 1718 2348 oenogarum

970 2351 1107 2395 codd.

1057 2410 1118 2453 ad
1149 2411 1251 2454 323.
1285 2413 1390 2460 exfi'
1412 2414 1459 2454 et
1477 2410 1575 2454 cod.
1595 2409 1717 2454 hum.

967 2483 997 2524 p
1014 2483 1076 2513 or
1090 2483 1148 2513 ro
1181 2468 1397 2519 mendum
1429 2469 1614 2513 videtur
1632 2483 1717 2525 pro

968 2541 1113 2584 garo
1148 2528 1221 2572 vel
1254 2528 1507 2582 apirino,
1541 2529 1599 2572 de
1626 2542 1716 2584 quo

968 2587 1076 2630 vino
1110 2588 1154 2630 in
1186 2586 1383 2642 praefat.
1420 2613 1473 2616 —
1506 2601 1591 2643 pro
1626 2602 1717 2643 op-

969 2647 1111 2690 timo
1144 2647 1188 2689 in
1217 2650 1247 2697 β
1279 2651 1351 2690 est-
1383 2645 1603 2699 obom0‚
1636 2661 1717 2691 vo-

967 2705 1096 2749 lebat
1136 2704 1337 2749 fortasse
1379 2706 1575 2761 opimo
1618 2706 1717 2761 pin-

965 2765 1045 2821 gui
1076 2764 1237 2809 Horat.
1272 2778 1405 2808 serm.
1439 2766 1481 2815 2,
1512 2764 1554 2819 4,
1585 2766 1654 2809 65.

1055 2823 1232 2867 ad324.
1267 2823 1401 2867 silfi
1433 2823 1507 2866 vel
1528 2828 1599 2868 est
1622 2824 1715 2868 sil-

965 2882 1161 2940 phium
1194 2882 1268 2927 vel
1301 2882 1402 2926 sili
1433 2883 1503 2927 35.
