2066 3276
236 234 267 288 8
908 232 1159 279 Praefatio.

194 423 197 424 γ
239 373 292 422 et
332 385 453 422 meo
495 369 663 423 Marte
701 368 890 437 peregi
931 369 1073 436 quod
1113 369 1231 423 libri
1270 386 1375 422 non
1414 373 1712 437 potuerunt.
1755 369 1824 423 ad

243 457 544 527 depravata
598 461 650 511 et
702 462 951 526 corrupta
1004 458 1288 512 connivere
1340 475 1445 511 non
1487 463 1566 511 est
1608 458 1824 513 editoris

240 546 457 614 strenui,
511 546 609 599 sed
668 546 845 599 omnia
911 546 1236 615 expendere,
1304 547 1480 600 omnia
1540 548 1824 604 emendare

233 635 428 689 conari.
484 634 890 690 emendationes
945 652 1082 703 quae
1132 636 1293 690 firmis
1342 637 1573 689 nituntur
1612 637 1825 690 rationi-

231 725 329 778 bus
369 724 424 777 in
466 729 772 789 contextum
813 724 1176 794 recipiendae,
1232 717 1369 793 qua‘e
1412 742 1478 779 ex
1517 725 1732 794 ingenio
1776 730 1828 780 et

234 813 545 867 coniectura
584 819 789 867 tantum
829 819 990 868 natae
1028 814 1369 869 reiiciendae.
1413 813 1509 868 sed
1550 819 1605 867 ut
1643 832 1826 868 verum

231 901 419 970 fatear,
472 903 652 972 plures
707 920 915 957 errores
971 921 1038 957 ex
1092 904 1396 957 coniectura
1444 903 1630 957 sustuli
1670 920 1827 971 quam

235 1008 301 1045 ex
353 992 501 1046 libris
555 993 642 1060 qui
697 1009 882 1046 omnes
935 1010 968 1045 a
1009 992 1317 1062 depravatis
1365 993 1648 1062 propagati
1689 999 1823 1061 sunt,

231 1098 300 1135 ne
354 1081 603 1134 continuo
656 1082 911 1136 lectorem
961 1088 1252 1136 remoretur
1290 1082 1524 1151 Apicius
1571 1100 1637 1136 ex
1679 1083 1825 1150 quin-

234 1187 337 1237 que
379 1170 532 1223 annis
573 1175 697 1224 ante
751 1188 883 1238 quos
937 1171 1137 1240 primas
1187 1170 1367 1224 hastas
1407 1171 1604 1225 iactavi
1645 1177 1696 1226 et
1735 1190 1825 1241 pe-

235 1260 357 1314 dem
416 1260 615 1314 contuli
666 1261 840 1313 nullus
891 1260 1006 1314 fere
1061 1260 1178 1314 dies
1229 1260 1507 1329 praeteriit
1565 1278 1666 1327 quo
1720 1278 1827 1314 non

232 1367 420 1403 manus
469 1349 816 1417 admoverim,
870 1350 1066 1403 lineam
1120 1349 1378 1416 duxerim,
1432 1350 1528 1403 sub
1580 1349 1828 1403 incudem

223 1439 617 1506 revocaverim,
658 1438 931 1506 negotium
969 1438 1358 1506 ruminaverim,
1402 1438 1652 1492 iudicium
1685 1438 1826 1492 fece-

233 1528 332 1581 rim
374 1527 444 1581 ad
486 1528 753 1581 amussim.
810 1545 917 1581 non
971 1527 1250 1581 subcisivis
1291 1527 1432 1581 horis
1474 1532 1526 1581 et
1566 1544 1828 1596 suspensa

231 1636 396 1672 manu
451 1622 701 1687 operatus
756 1635 871 1671 sum
926 1621 1286 1684 quantumque
1339 1634 1436 1685 per
1488 1616 1621 1670 alias
1671 1616 1828 1670 inter-

232 1708 554 1777 pellationes
610 1706 757 1761 licuit
807 1706 1089 1761 absolvere
1138 1705 1331 1760 studui.
1389 1722 1572 1758 omnes
1611 1705 1830 1759 adhibui

231 1797 527 1864 machinas,
570 1797 814 1850 omnibus
853 1795 1094 1863 vestigiis
1120 1795 1383 1866 inquisivi,
1426 1812 1607 1848 omnes
1635 1812 1827 1849 nervos

230 1886 450 1954 intendi,
483 1902 666 1939 omnes
693 1885 894 1938 forulos
925 1885 1154 1952 excussi,
1185 1890 1240 1937 ut
1262 1885 1628 1952 intellegerem
1655 1884 1829 1938 Aetna

236 1976 542 2044 graviorem
595 1975 843 2044 Apicium
896 1979 948 2027 et
990 1974 1108 2028 aliis
1150 1974 1475 2043 explicarem
1517 1974 1605 2041 qui
1646 1974 1737 2027 diu
1774 1975 1826 2028 in

229 2066 410 2119 herbis
449 2065 548 2118 fuit
587 2065 769 2132 sicque
809 2064 968 2133 pleno
1011 2063 1184 2131 gradu
1203 2063 1513 2131 ingrediens
1543 2064 1631 2131 qui
1657 2063 1826 2133 primo

233 2156 454 2208 vitulum
512 2154 603 2207 vix
654 2154 839 2207 sustuli
877 2153 1096 2206 tandem
1154 2157 1361 2205 taurum
1420 2153 1644 2220 gestavi.
1713 2153 1827 2207 sine

231 2246 457 2315 pulvere
497 2245 643 2297 nulla
682 2244 877 2312 palma.
932 2260 1038 2295 non
1076 2242 1245 2311 pudet
1281 2260 1367 2295 me
1406 2242 1826 2296 lucubrationem

228 2336 504 2388 lucernam
558 2334 702 2387 olere
756 2332 1099 2399 confiterique
1145 2331 1500 2385 lucernariam
1538 2331 1702 2384 vitam
1740 2348 1826 2385 me

230 2423 444 2491 ducere,
515 2439 835 2490 quamquam
888 2422 1016 2474 haut
1069 2420 1291 2474 dixerim
1350 2420 1495 2489 pisce
1560 2420 1825 2474 saniorem

231 2516 283 2565 et
324 2513 518 2565 bovem
557 2511 612 2563 in
651 2510 895 2564 faucibus
936 2515 1239 2580 portantem
1277 2527 1397 2563 rore
1437 2510 1589 2578 pasci
1631 2514 1683 2562 et
1705 2511 1825 2578 plus

229 2596 332 2654 olei
385 2602 668 2654 absumere
723 2616 880 2666 quam
934 2599 1044 2652 vini
1095 2598 1348 2666 nihilque„
1395 2598 1661 2652 insumere
1723 2599 1825 2652 nisi

226 2694 456 2743 noctem.
501 2689 621 2742 oleo
662 2688 1082 2755 tranquilliorem
1124 2694 1176 2743 et
1201 2693 1375 2742 terrae
1408 2705 1539 2741 onus
1569 2705 1689 2743 esse
1716 2705 1823 2740 non

229 2783 310 2834 est
362 2795 555 2846 meum,
612 2794 932 2846 quamquam
980 2777 1120 2831 intra
1171 2795 1348 2832 meam
1401 2777 1684 2833 cuticulam
1736 2793 1822 2831 me
