<?xml version="1.0" encoding="UTF-8"?>
<!DOCTYPE html PUBLIC "-//W3C//DTD XHTML 1.0 Transitional//EN"
    "http://www.w3.org/TR/xhtml1/DTD/xhtml1-transitional.dtd">
<html xmlns="http://www.w3.org/1999/xhtml" xml:lang="en" lang="en">
 <head>
  <title>
</title>
<meta http-equiv="Content-Type" content="text/html;charset=utf-8" />
  <meta name='ocr-system' content='tesseract 3.04.00' />
  <meta name='ocr-capabilities' content='ocr_page ocr_carea ocr_par ocr_line ocrx_word'/>
</head>
<body>
  <div class='ocr_page' id='page_1' title='image "./derecoquinarilib00apicrich_0056.png"; bbox 0 0 2066 3276; ppageno 0'>
   <div class='ocr_carea' id='block_1_1' title="bbox 261 210 1298 268">
    <p class='ocr_par' dir='ltr' id='par_1_1' title="bbox 261 210 1298 268">
     <span class='ocr_line' id='line_1_1' title="bbox 261 210 1298 268; baseline 0.001 -14"><span class='ocrx_word' id='word_1_1' title='bbox 261 210 333 264; x_wconf 83' lang='lat'>52</span> <span class='ocrx_word' id='word_1_2' title='bbox 803 211 901 257; x_wconf 87' lang='lat' dir='ltr'><strong>Lib.</strong></span> <span class='ocrx_word' id='word_1_3' title='bbox 935 212 1014 256; x_wconf 89' lang='grc' dir='ltr'>ΙΠ.</span> <span class='ocrx_word' id='word_1_4' title='bbox 1079 212 1298 268; x_wconf 83' lang='lat' dir='ltr'>Cepuros.</span> 
     </span>
    </p>
   </div>
   <div class='ocr_carea' id='block_1_2' title="bbox 260 341 1849 484">
    <p class='ocr_par' dir='ltr' id='par_1_2' title="bbox 260 341 1849 484">
     <span class='ocr_line' id='line_1_2' title="bbox 260 341 1849 412; baseline 0.003 -18"><span class='ocrx_word' id='word_1_5' title='bbox 260 341 449 395; x_wconf 79' lang='lat' dir='ltr'>fumas,</span> <span class='ocrx_word' id='word_1_6' title='bbox 481 359 597 396; x_wconf 90' lang='lat' dir='ltr'>cum</span> <span class='ocrx_word' id='word_1_7' title='bbox 618 342 938 408; x_wconf 88' lang='lat' dir='ltr'>miniaverit,</span> <span class='ocrx_word' id='word_1_8' title='bbox 980 346 1248 410; x_wconf 74' lang='lat' dir='ltr'>subassaS‚</span> <span class='ocrx_word' id='word_1_9' title='bbox 1291 361 1534 412; x_wconf 78' lang='lat' dir='ltr'>exornaS‚</span> <span class='ocrx_word' id='word_1_10' title='bbox 1578 361 1849 412; x_wconf 81' lang='lat' dir='ltr'>oenogaro</span> 
     </span>
     <span class='ocr_line' id='line_1_3' title="bbox 260 415 1494 484; baseline 0.002 -17"><span class='ocrx_word' id='word_1_11' title='bbox 260 415 493 469; x_wconf 87' lang='lat' dir='ltr'>faecinio</span> <span class='ocrx_word' id='word_1_12' title='bbox 534 415 841 484; x_wconf 85' lang='lat' dir='ltr'>perfundes,</span> <span class='ocrx_word' id='word_1_13' title='bbox 883 416 982 469; x_wconf 84' lang='lat' dir='ltr'>sed</span> <span class='ocrx_word' id='word_1_14' title='bbox 1022 417 1268 470; x_wconf 90' lang='lat' dir='ltr'>ciminum</span> <span class='ocrx_word' id='word_1_15' title='bbox 1307 417 1494 471; x_wconf 77' lang='lat' dir='ltr'>addes,</span> 
     </span>
    </p>
   </div>
   <div class='ocr_carea' id='block_1_3' title="bbox 298 560 1810 651">
    <p class='ocr_par' dir='ltr' id='par_1_3' title="bbox 298 560 1810 651">
     <span class='ocr_line' id='line_1_4' title="bbox 298 560 1810 651; baseline 0.003 -22"><span class='ocrx_word' id='word_1_16' title='bbox 298 577 561 645; x_wconf 82' lang='lat' dir='ltr'>Incipit</span> <span class='ocrx_word' id='word_1_17' title='bbox 599 578 797 646; x_wconf 81' lang='lat' dir='ltr'>Apici</span> <span class='ocrx_word' id='word_1_18' title='bbox 834 577 1025 632; x_wconf 82' lang='lat' dir='ltr'>Caeli</span> <span class='ocrx_word' id='word_1_19' title='bbox 1062 560 1810 651; x_wconf 55' lang='grc' dir='ltr'>661111106Ῑᾰ6110161111118]</span> 
     </span>
    </p>
   </div>
   <div class='ocr_carea' id='block_1_4' title="bbox 923 711 1194 763">
    <p class='ocr_par' dir='ltr' id='par_1_4' title="bbox 923 711 1194 763">
     <span class='ocr_line' id='line_1_5' title="bbox 923 711 1194 763; baseline -0.004 0"><span class='ocrx_word' id='word_1_20' title='bbox 923 711 1054 763; x_wconf 89' lang='lat' dir='ltr'>LIB.</span> <span class='ocrx_word' id='word_1_21' title='bbox 1097 711 1194 763; x_wconf 94' lang='lat' dir='ltr'>III.</span> 
     </span>
    </p>
   </div>
   <div class='ocr_carea' id='block_1_5' title="bbox 266 842 1854 1045">
    <p class='ocr_par' dir='ltr' id='par_1_5' title="bbox 266 842 1854 1045">
     <span class='ocr_line' id='line_1_6' title="bbox 377 842 1851 909; baseline 0.001 -15"><span class='ocrx_word' id='word_1_22' title='bbox 377 842 462 896; x_wconf 90' lang='grc'>61.</span> <span class='ocrx_word' id='word_1_23' title='bbox 520 842 604 895; x_wconf 93' lang='lat' dir='ltr'>Ut</span> <span class='ocrx_word' id='word_1_24' title='bbox 645 858 836 895; x_wconf 89' lang='lat' dir='ltr'>omne</span> <span class='ocrx_word' id='word_1_25' title='bbox 885 842 1084 895; x_wconf 88' lang='lat' dir='ltr'>holus</span> <span class='ocrx_word' id='word_1_26' title='bbox 1137 842 1645 909; x_wconf 81' lang='lat' dir='ltr'>smaragdinum</span> <span class='ocrx_word' id='word_1_27' title='bbox 1692 843 1851 896; x_wconf 89' lang='lat' dir='ltr'>fiat:</span> 
     </span>
     <span class='ocr_line' id='line_1_7' title="bbox 266 915 1851 984; baseline 0.001 -16"><span class='ocrx_word' id='word_1_28' title='bbox 266 932 421 969; x_wconf 91' lang='lat' dir='ltr'>omne</span> <span class='ocrx_word' id='word_1_29' title='bbox 448 916 600 967; x_wconf 89' lang='lat' dir='ltr'>holus</span> <span class='ocrx_word' id='word_1_30' title='bbox 628 915 1026 982; x_wconf 83' lang='lat' dir='ltr'>smaragdinum</span> <span class='ocrx_word' id='word_1_31' title='bbox 1053 916 1158 983; x_wconf 80' lang='lat' dir='ltr'>fiet,</span> <span class='ocrx_word' id='word_1_32' title='bbox 1201 916 1244 968; x_wconf 82' lang='lat' dir='ltr'>si</span> <span class='ocrx_word' id='word_1_33' title='bbox 1273 933 1389 969; x_wconf 91' lang='lat' dir='ltr'>cum</span> <span class='ocrx_word' id='word_1_34' title='bbox 1417 917 1550 969; x_wconf 84' lang='lat' dir='ltr'>nitro</span> <span class='ocrx_word' id='word_1_35' title='bbox 1581 923 1851 984; x_wconf 75' lang='lat' dir='ltr'>coquatur.</span> 
     </span>
     <span class='ocr_line' id='line_1_8' title="bbox 375 989 1854 1045; baseline 0 -2"><span class='ocrx_word' id='word_1_36' title='bbox 375 990 462 1043; x_wconf 80' lang='lat'>62.</span> <span class='ocrx_word' id='word_1_37' title='bbox 504 989 1053 1043; x_wconf 89' lang='lat' dir='ltr'>Pulmentarium</span> <span class='ocrx_word' id='word_1_38' title='bbox 1087 990 1171 1042; x_wconf 91' lang='lat' dir='ltr'>ad</span> <span class='ocrx_word' id='word_1_39' title='bbox 1205 995 1545 1043; x_wconf 84' lang='lat' dir='ltr'>ventrem:</span> <span class='ocrx_word' id='word_1_40' title='bbox 1581 992 1734 1045; x_wconf 87' lang='lat' dir='ltr'>betas</span> <span class='ocrx_word' id='word_1_41' title='bbox 1761 991 1854 1043; x_wconf 91' lang='lat' dir='ltr'>mi-</span> 
     </span>
    </p>
   </div>
   <div class='ocr_carea' id='block_1_6' title="bbox 253 1120 1018 2888">
    <p class='ocr_par' dir='ltr' id='par_1_6' title="bbox 253 1120 1018 2888">
     <span class='ocr_line' id='line_1_9' title="bbox 264 1120 1009 1177; baseline -0.003 -11"><span class='ocrx_word' id='word_1_42' title='bbox 264 1121 418 1166; x_wconf 89' lang='lat' dir='ltr'>vcrit</span> <span class='ocrx_word' id='word_1_43' title='bbox 449 1134 506 1165; x_wconf 85' lang='lat' dir='ltr'>ex</span> <span class='ocrx_word' id='word_1_44' title='bbox 535 1125 578 1173; x_wconf 85' lang='grc' dir='ltr'>β.</span> <span class='ocrx_word' id='word_1_45' title='bbox 611 1134 695 1177; x_wconf 90' lang='lat' dir='ltr'>pro</span> <span class='ocrx_word' id='word_1_46' title='bbox 728 1120 1009 1177; x_wconf 89' lang='lat' dir='ltr'>reliquorum</span> 
     </span>
     <span class='ocr_line' id='line_1_10' title="bbox 263 1180 1009 1232; baseline -0.001 -8"><span class='ocrx_word' id='word_1_47' title='bbox 263 1181 612 1232; x_wconf 89' lang='lat' dir='ltr'>mimaverit‚</span> <span class='ocrx_word' id='word_1_48' title='bbox 654 1180 1009 1231; x_wconf 84' lang='lat' dir='ltr'>immaverit‚</span> 
     </span>
     <span class='ocr_line' id='line_1_11' title="bbox 263 1239 1011 1284; baseline -0.001 0"><span class='ocrx_word' id='word_1_49' title='bbox 263 1240 632 1284; x_wconf 86' lang='lat' dir='ltr'>unimaverit.</span> <span class='ocrx_word' id='word_1_50' title='bbox 683 1239 740 1283; x_wconf 91' lang='lat' dir='ltr'>de</span> <span class='ocrx_word' id='word_1_51' title='bbox 788 1240 836 1283; x_wconf 91' lang='lat' dir='ltr'>vi</span> <span class='ocrx_word' id='word_1_52' title='bbox 881 1240 1011 1283; x_wconf 89' lang='lat' dir='ltr'>verbi</span> 
     </span>
     <span class='ocr_line' id='line_1_12' title="bbox 264 1296 1010 1343; baseline 0 -1"><span class='ocrx_word' id='word_1_53' title='bbox 264 1298 484 1343; x_wconf 86' lang='lat' dir='ltr'>reflexiva</span> <span class='ocrx_word' id='word_1_54' title='bbox 545 1299 614 1342; x_wconf 87' lang='grc'>25.</span> <span class='ocrx_word' id='word_1_55' title='bbox 690 1296 1010 1342; x_wconf 87' lang='lat' dir='ltr'>fumaveris</span> 
     </span>
     <span class='ocr_line' id='line_1_13' title="bbox 264 1355 1010 1401; baseline 0 0"><span class='ocrx_word' id='word_1_56' title='bbox 264 1357 399 1401; x_wconf 90' lang='lat' dir='ltr'>Hum.</span> <span class='ocrx_word' id='word_1_57' title='bbox 419 1373 472 1388; x_wconf 67' lang='grc'>-’-</span> <span class='ocrx_word' id='word_1_58' title='bbox 496 1355 761 1401; x_wconf 86' lang='lat' dir='ltr'>faecinio</span> <span class='ocrx_word' id='word_1_59' title='bbox 794 1356 870 1401; x_wconf 88' lang='lat' dir='ltr'>vel</span> <span class='ocrx_word' id='word_1_60' title='bbox 901 1356 1010 1401; x_wconf 87' lang='lat' dir='ltr'>fae-</span> 
     </span>
     <span class='ocr_line' id='line_1_14' title="bbox 266 1414 1010 1471; baseline -0.001 -11"><span class='ocrx_word' id='word_1_61' title='bbox 266 1417 397 1460; x_wconf 93' lang='lat' dir='ltr'>cino</span> <span class='ocrx_word' id='word_1_62' title='bbox 430 1414 520 1460; x_wconf 89' lang='lat' dir='ltr'>feci</span> <span class='ocrx_word' id='word_1_63' title='bbox 552 1430 608 1460; x_wconf 84' lang='lat' dir='ltr'>ex</span> <span class='ocrx_word' id='word_1_64' title='bbox 640 1417 799 1471; x_wconf 88' lang='lat' dir='ltr'>inepto</span> <span class='ocrx_word' id='word_1_65' title='bbox 834 1414 1010 1460; x_wconf 86' lang='lat' dir='ltr'>fasia-</span> 
     </span>
     <span class='ocr_line' id='line_1_15' title="bbox 264 1474 1013 1530; baseline 0.001 -12"><span class='ocrx_word' id='word_1_66' title='bbox 264 1476 341 1520; x_wconf 89' lang='lat' dir='ltr'>ni.</span> <span class='ocrx_word' id='word_1_67' title='bbox 375 1475 627 1530; x_wconf 88' lang='lat' dir='ltr'>opponitur</span> <span class='ocrx_word' id='word_1_68' title='bbox 662 1475 873 1529; x_wconf 82' lang='lat' dir='ltr'>simplici,</span> <span class='ocrx_word' id='word_1_69' title='bbox 919 1474 1013 1519; x_wconf 87' lang='lat' dir='ltr'>fac-</span> 
     </span>
     <span class='ocr_line' id='line_1_16' title="bbox 264 1532 1015 1578; baseline -0.001 0"><span class='ocrx_word' id='word_1_70' title='bbox 264 1539 363 1578; x_wconf 88' lang='lat' dir='ltr'>tum</span> <span class='ocrx_word' id='word_1_71' title='bbox 395 1534 514 1578; x_wconf 91' lang='lat' dir='ltr'>enim</span> <span class='ocrx_word' id='word_1_72' title='bbox 539 1547 596 1578; x_wconf 88' lang='lat' dir='ltr'>ex</span> <span class='ocrx_word' id='word_1_73' title='bbox 620 1532 886 1578; x_wconf 88' lang='lat' dir='ltr'>faeculento</span> <span class='ocrx_word' id='word_1_74' title='bbox 906 1534 1015 1578; x_wconf 86' lang='lat' dir='ltr'>den-</span> 
     </span>
     <span class='ocr_line' id='line_1_17' title="bbox 265 1593 1016 1649; baseline -0.003 -11"><span class='ocrx_word' id='word_1_75' title='bbox 265 1606 411 1649; x_wconf 85' lang='lat' dir='ltr'>soque</span> <span class='ocrx_word' id='word_1_76' title='bbox 457 1593 635 1649; x_wconf 87' lang='lat' dir='ltr'>liquore</span> <span class='ocrx_word' id='word_1_77' title='bbox 690 1593 1016 1648; x_wconf 83' lang='lat' dir='ltr'>pisciculorum</span> 
     </span>
     <span class='ocr_line' id='line_1_18' title="bbox 269 1651 1015 1702; baseline -0.003 -5"><span class='ocrx_word' id='word_1_78' title='bbox 269 1656 315 1697; x_wconf 92' lang='lat' dir='ltr'>et</span> <span class='ocrx_word' id='word_1_79' title='bbox 358 1652 531 1695; x_wconf 88' lang='lat' dir='ltr'>dictum</span> <span class='ocrx_word' id='word_1_80' title='bbox 571 1656 643 1696; x_wconf 89' lang='lat' dir='ltr'>est</span> <span class='ocrx_word' id='word_1_81' title='bbox 685 1652 818 1702; x_wconf 80' lang='lat' dir='ltr'>allec,</span> <span class='ocrx_word' id='word_1_82' title='bbox 859 1651 1015 1696; x_wconf 85' lang='lat' dir='ltr'>facco—</span> 
     </span>
     <span class='ocr_line' id='line_1_19' title="bbox 265 1711 1014 1767; baseline -0.004 -12"><span class='ocrx_word' id='word_1_83' title='bbox 265 1724 365 1755; x_wconf 86' lang='lat' dir='ltr'>sum</span> <span class='ocrx_word' id='word_1_84' title='bbox 397 1723 559 1767; x_wconf 84' lang='lat' dir='ltr'>garum</span> <span class='ocrx_word' id='word_1_85' title='bbox 595 1711 792 1754; x_wconf 88' lang='lat' dir='ltr'>Martial.</span> <span class='ocrx_word' id='word_1_86' title='bbox 826 1711 1014 1762; x_wconf 80' lang='lat'>13‚10·2.</span> 
     </span>
     <span class='ocr_line' id='line_1_20' title="bbox 265 1768 1014 1821; baseline 0 -8"><span class='ocrx_word' id='word_1_87' title='bbox 265 1769 448 1814; x_wconf 87' lang='lat' dir='ltr'>faecula</span> <span class='ocrx_word' id='word_1_88' title='bbox 496 1771 675 1814; x_wconf 91' lang='lat' dir='ltr'>Lucret.</span> <span class='ocrx_word' id='word_1_89' title='bbox 722 1771 763 1821; x_wconf 88' lang='grc'>2,</span> <span class='ocrx_word' id='word_1_90' title='bbox 805 1769 906 1813; x_wconf 82' lang='grc'>430.</span> <span class='ocrx_word' id='word_1_91' title='bbox 957 1768 1014 1813; x_wconf 88' lang='lat' dir='ltr'>cf.</span> 
     </span>
     <span class='ocr_line' id='line_1_21' title="bbox 265 1827 1014 1883; baseline 0 -11"><span class='ocrx_word' id='word_1_92' title='bbox 265 1829 380 1872; x_wconf 90' lang='lat' dir='ltr'>Plin.</span> <span class='ocrx_word' id='word_1_93' title='bbox 415 1829 487 1879; x_wconf 85' lang='lat'>31,</span> <span class='ocrx_word' id='word_1_94' title='bbox 521 1830 662 1872; x_wconf 81' lang='lat'>95.-</span> <span class='ocrx_word' id='word_1_95' title='bbox 687 1827 1014 1883; x_wconf 88' lang='lat' dir='ltr'>profundes</span> 
     </span>
     <span class='ocr_line' id='line_1_22' title="bbox 266 1887 1013 1943; baseline 0 -12"><span class='ocrx_word' id='word_1_96' title='bbox 266 1887 365 1932; x_wconf 80' lang='lat' dir='ltr'>flor.</span> <span class='ocrx_word' id='word_1_97' title='bbox 399 1892 446 1932; x_wconf 85' lang='lat' dir='ltr'>et</span> <span class='ocrx_word' id='word_1_98' title='bbox 479 1887 548 1931; x_wconf 89' lang='lat' dir='ltr'>ed.</span> <span class='ocrx_word' id='word_1_99' title='bbox 583 1901 649 1943; x_wconf 89' lang='lat' dir='ltr'>pr.</span> <span class='ocrx_word' id='word_1_100' title='bbox 684 1888 738 1930; x_wconf 89' lang='lat' dir='ltr'>H.</span> <span class='ocrx_word' id='word_1_101' title='bbox 775 1887 836 1930; x_wconf 87' lang='lat' dir='ltr'>ad</span> <span class='ocrx_word' id='word_1_102' title='bbox 867 1888 938 1931; x_wconf 75' lang='lat'>42.</span> <span class='ocrx_word' id='word_1_103' title='bbox 959 1913 1013 1919; x_wconf 93' lang='lat'>—</span> 
     </span>
     <span class='ocr_line' id='line_1_23' title="bbox 267 1946 1012 2002; baseline 0 -11"><span class='ocrx_word' id='word_1_104' title='bbox 267 1946 371 1991; x_wconf 85' lang='lat' dir='ltr'>sed</span> <span class='ocrx_word' id='word_1_105' title='bbox 419 1947 708 1990; x_wconf 90' lang='lat' dir='ltr'>cuminum</span> <span class='ocrx_word' id='word_1_106' title='bbox 767 1953 895 1990; x_wconf 83' lang='lat' dir='ltr'>ates</span> <span class='ocrx_word' id='word_1_107' title='bbox 943 1951 1012 2002; x_wconf 82' lang='grc' dir='ltr'>βγ.</span> 
     </span>
     <span class='ocr_line' id='line_1_24' title="bbox 253 2018 1011 2050; baseline 0 -1"><span class='ocrx_word' id='word_1_108' title='bbox 253 2019 311 2050; x_wconf 88' lang='lat' dir='ltr'>-s.</span> <span class='ocrx_word' id='word_1_109' title='bbox 362 2018 481 2049; x_wconf 92' lang='lat' dir='ltr'>cum</span> <span class='ocrx_word' id='word_1_110' title='bbox 527 2018 824 2049; x_wconf 82' lang='lat' dir='ltr'>inumaces</span> <span class='ocrx_word' id='word_1_111' title='bbox 872 2020 918 2049; x_wconf 88' lang='grc' dir='ltr'>π.</span> <span class='ocrx_word' id='word_1_112' title='bbox 967 2019 1011 2049; x_wconf 90' lang='lat' dir='ltr'>s.</span> 
     </span>
     <span class='ocr_line' id='line_1_25' title="bbox 267 2062 1014 2111; baseline 0 -2"><span class='ocrx_word' id='word_1_113' title='bbox 267 2078 388 2109; x_wconf 91' lang='lat' dir='ltr'>cum</span> <span class='ocrx_word' id='word_1_114' title='bbox 412 2066 718 2109; x_wconf 88' lang='lat' dir='ltr'>unimates</span> <span class='ocrx_word' id='word_1_115' title='bbox 745 2062 804 2111; x_wconf 76' lang='grc' dir='ltr'>ὃζ.</span> <span class='ocrx_word' id='word_1_116' title='bbox 831 2078 864 2108; x_wconf 85' lang='lat' dir='ltr'>s.</span> <span class='ocrx_word' id='word_1_117' title='bbox 894 2077 1014 2109; x_wconf 92' lang='lat' dir='ltr'>cum</span> 
     </span>
     <span class='ocr_line' id='line_1_26' title="bbox 266 2122 1011 2179; baseline -0.003 -11"><span class='ocrx_word' id='word_1_118' title='bbox 266 2124 563 2168; x_wconf 86' lang='lat' dir='ltr'>inumates</span> <span class='ocrx_word' id='word_1_119' title='bbox 620 2127 689 2166; x_wconf 76' lang='grc' dir='ltr'>θκ.</span> <span class='ocrx_word' id='word_1_120' title='bbox 745 2122 889 2167; x_wconf 90' lang='lat' dir='ltr'>editio</span> <span class='ocrx_word' id='word_1_121' title='bbox 945 2137 1011 2179; x_wconf 91' lang='lat' dir='ltr'>pr.</span> 
     </span>
     <span class='ocr_line' id='line_1_27' title="bbox 265 2178 1017 2235; baseline 0.001 -9"><span class='ocrx_word' id='word_1_122' title='bbox 265 2195 429 2226; x_wconf 87' lang='lat' dir='ltr'>manca</span> <span class='ocrx_word' id='word_1_123' title='bbox 483 2184 550 2227; x_wconf 88' lang='lat' dir='ltr'>sic</span> <span class='ocrx_word' id='word_1_124' title='bbox 595 2178 698 2226; x_wconf 90' lang='lat' dir='ltr'>finit</span> <span class='ocrx_word' id='word_1_125' title='bbox 749 2182 920 2235; x_wconf 85' lang='lat' dir='ltr'>„elixas</span> <span class='ocrx_word' id='word_1_126' title='bbox 969 2188 1017 2227; x_wconf 88' lang='lat' dir='ltr'>et</span> 
     </span>
     <span class='ocr_line' id='line_1_28' title="bbox 266 2242 1017 2292; baseline 0 -7"><span class='ocrx_word' id='word_1_127' title='bbox 266 2242 484 2286; x_wconf 85' lang='lat' dir='ltr'>subassas</span> <span class='ocrx_word' id='word_1_128' title='bbox 529 2246 576 2286; x_wconf 90' lang='lat' dir='ltr'>et</span> <span class='ocrx_word' id='word_1_129' title='bbox 618 2254 828 2292; x_wconf 85' lang='lat' dir='ltr'>exornas,</span> <span class='ocrx_word' id='word_1_130' title='bbox 878 2255 1017 2285; x_wconf 89' lang='lat' dir='ltr'>oeno-</span> 
     </span>
     <span class='ocr_line' id='line_1_29' title="bbox 265 2299 1016 2357; baseline 0.001 -13"><span class='ocrx_word' id='word_1_131' title='bbox 265 2313 379 2357; x_wconf 84' lang='lat' dir='ltr'>garo</span> <span class='ocrx_word' id='word_1_132' title='bbox 413 2299 581 2345; x_wconf 86' lang='lat' dir='ltr'>fasiani</span> <span class='ocrx_word' id='word_1_133' title='bbox 612 2299 882 2356; x_wconf 88' lang='lat' dir='ltr'>profundes.</span> <span class='ocrx_word' id='word_1_134' title='bbox 937 2301 1016 2345; x_wconf 90' lang='lat' dir='ltr'>Vi-</span> 
     </span>
     <span class='ocr_line' id='line_1_30' title="bbox 264 2359 1018 2414; baseline 0.003 -12"><span class='ocrx_word' id='word_1_135' title='bbox 264 2360 377 2404; x_wconf 87' lang='lat' dir='ltr'>riter</span> <span class='ocrx_word' id='word_1_136' title='bbox 419 2372 595 2404; x_wconf 85' lang='lat' dir='ltr'>assans.</span> <span class='ocrx_word' id='word_1_137' title='bbox 657 2360 862 2414; x_wconf 84' lang='lat' dir='ltr'>Explicit</span> <span class='ocrx_word' id='word_1_138' title='bbox 900 2359 1018 2404; x_wconf 87' lang='lat' dir='ltr'>liber</span> 
     </span>
     <span class='ocr_line' id='line_1_31' title="bbox 266 2418 1014 2474; baseline -0.001 -12"><span class='ocrx_word' id='word_1_139' title='bbox 266 2419 495 2463; x_wconf 86' lang='lat' dir='ltr'>secundus</span> <span class='ocrx_word' id='word_1_140' title='bbox 535 2418 694 2474; x_wconf 85' lang='lat' dir='ltr'>Apicii</span> <span class='ocrx_word' id='word_1_141' title='bbox 736 2418 1014 2473; x_wconf 87' lang='lat' dir='ltr'>Artoptus“.</span> 
     </span>
     <span class='ocr_line' id='line_1_32' title="bbox 266 2477 1016 2534; baseline 0 -13"><span class='ocrx_word' id='word_1_142' title='bbox 266 2477 392 2529; x_wconf 82' lang='lat' dir='ltr'>Quae</span> <span class='ocrx_word' id='word_1_143' title='bbox 412 2478 581 2522; x_wconf 82' lang='lat' dir='ltr'>menda</span> <span class='ocrx_word' id='word_1_144' title='bbox 601 2479 702 2534; x_wconf 87' lang='lat' dir='ltr'>quis</span> <span class='ocrx_word' id='word_1_145' title='bbox 720 2478 891 2522; x_wconf 81' lang='lat' dir='ltr'>tollet?</span> <span class='ocrx_word' id='word_1_146' title='bbox 911 2492 1016 2529; x_wconf 83' lang='lat' dir='ltr'>„cu-</span> 
     </span>
     <span class='ocr_line' id='line_1_33' title="bbox 265 2537 1016 2581; baseline 0 -1"><span class='ocrx_word' id='word_1_147' title='bbox 265 2537 437 2580; x_wconf 89' lang='lat' dir='ltr'>minum</span> <span class='ocrx_word' id='word_1_148' title='bbox 477 2537 653 2581; x_wconf 87' lang='lat' dir='ltr'>addes“</span> <span class='ocrx_word' id='word_1_149' title='bbox 704 2549 815 2580; x_wconf 87' lang='lat' dir='ltr'>vera</span> <span class='ocrx_word' id='word_1_150' title='bbox 855 2549 1016 2580; x_wconf 85' lang='lat' dir='ltr'>manus</span> 
     </span>
     <span class='ocr_line' id='line_1_34' title="bbox 265 2596 1016 2647; baseline 0.001 -9"><span class='ocrx_word' id='word_1_151' title='bbox 265 2609 358 2639; x_wconf 92' lang='lat' dir='ltr'>non</span> <span class='ocrx_word' id='word_1_152' title='bbox 419 2601 503 2640; x_wconf 87' lang='lat' dir='ltr'>est.</span> <span class='ocrx_word' id='word_1_153' title='bbox 560 2596 739 2640; x_wconf 83' lang='lat' dir='ltr'>tentavi</span> <span class='ocrx_word' id='word_1_154' title='bbox 803 2596 1016 2647; x_wconf 83' lang='lat' dir='ltr'>„setinia-</span> 
     </span>
     <span class='ocr_line' id='line_1_35' title="bbox 266 2656 1016 2707; baseline 0.001 -9"><span class='ocrx_word' id='word_1_155' title='bbox 266 2658 393 2698; x_wconf 87' lang='lat' dir='ltr'>tum“</span> <span class='ocrx_word' id='word_1_156' title='bbox 414 2659 461 2699; x_wconf 90' lang='lat' dir='ltr'>et</span> <span class='ocrx_word' id='word_1_157' title='bbox 486 2656 824 2707; x_wconf 87' lang='lat' dir='ltr'>„cuminatum“</span> <span class='ocrx_word' id='word_1_158' title='bbox 849 2659 896 2698; x_wconf 92' lang='lat' dir='ltr'>et</span> <span class='ocrx_word' id='word_1_159' title='bbox 915 2669 1016 2706; x_wconf 90' lang='lat' dir='ltr'>„su-</span> 
     </span>
     <span class='ocr_line' id='line_1_36' title="bbox 265 2713 1015 2765; baseline -0.001 -8"><span class='ocrx_word' id='word_1_160' title='bbox 265 2714 516 2757; x_wconf 86' lang='lat' dir='ltr'>minatum“</span> <span class='ocrx_word' id='word_1_161' title='bbox 559 2727 616 2758; x_wconf 86' lang='lat' dir='ltr'>ex</span> <span class='ocrx_word' id='word_1_162' title='bbox 657 2713 838 2758; x_wconf 90' lang='lat' dir='ltr'>Arnob.</span> <span class='ocrx_word' id='word_1_163' title='bbox 873 2716 914 2765; x_wconf 91' lang='grc'>2,</span> <span class='ocrx_word' id='word_1_164' title='bbox 945 2714 1015 2757; x_wconf 79' lang='grc'>42.</span> 
     </span>
     <span class='ocr_line' id='line_1_37' title="bbox 267 2772 1018 2824; baseline -0.001 -7"><span class='ocrx_word' id='word_1_165' title='bbox 267 2776 315 2817; x_wconf 85' lang='lat' dir='ltr'>ct</span> <span class='ocrx_word' id='word_1_166' title='bbox 363 2773 651 2824; x_wconf 86' lang='lat' dir='ltr'>„cominum“</span> <span class='ocrx_word' id='word_1_167' title='bbox 712 2773 810 2817; x_wconf 92' lang='lat' dir='ltr'>scil.</span> <span class='ocrx_word' id='word_1_168' title='bbox 866 2772 1018 2817; x_wconf 88' lang='lat' dir='ltr'>oleum</span> 
     </span>
     <span class='ocr_line' id='line_1_38' title="bbox 267 2832 1018 2888; baseline -0.003 -10"><span class='ocrx_word' id='word_1_169' title='bbox 267 2844 324 2878; x_wconf 82' lang='lat' dir='ltr'>ex</span> <span class='ocrx_word' id='word_1_170' title='bbox 356 2832 472 2876; x_wconf 89' lang='lat' dir='ltr'>Plin.</span> <span class='ocrx_word' id='word_1_171' title='bbox 510 2833 579 2885; x_wconf 83' lang='lat'>15,</span> <span class='ocrx_word' id='word_1_172' title='bbox 615 2833 670 2876; x_wconf 83' lang='lat'>13</span> <span class='ocrx_word' id='word_1_173' title='bbox 703 2832 800 2888; x_wconf 91' lang='lat' dir='ltr'>(ubi</span> <span class='ocrx_word' id='word_1_174' title='bbox 826 2832 951 2877; x_wconf 83' lang='lat' dir='ltr'>oliva</span> <span class='ocrx_word' id='word_1_175' title='bbox 972 2833 1018 2876; x_wconf 92' lang='lat' dir='ltr'>in</span> 
     </span>
    </p>
   </div>
   <div class='ocr_carea' id='block_1_7' title="bbox 1100 1120 1859 2889">
    <p class='ocr_par' dir='ltr' id='par_1_7' title="bbox 1100 1120 1856 1349">
     <span class='ocr_line' id='line_1_39' title="bbox 1100 1120 1851 1176; baseline 0.005 -13"><span class='ocrx_word' id='word_1_176' title='bbox 1100 1120 1281 1176; x_wconf 85' lang='lat' dir='ltr'>aliquot</span> <span class='ocrx_word' id='word_1_177' title='bbox 1322 1121 1450 1166; x_wconf 88' lang='lat' dir='ltr'>libris</span> <span class='ocrx_word' id='word_1_178' title='bbox 1497 1123 1694 1167; x_wconf 86' lang='lat' dir='ltr'>cuminia</span> <span class='ocrx_word' id='word_1_179' title='bbox 1740 1122 1851 1167; x_wconf 88' lang='lat' dir='ltr'>dici-</span> 
     </span>
     <span class='ocr_line' id='line_1_40' title="bbox 1101 1180 1856 1234; baseline 0.003 -11"><span class='ocrx_word' id='word_1_180' title='bbox 1101 1181 1193 1233; x_wconf 86' lang='lat' dir='ltr'>tur)</span> <span class='ocrx_word' id='word_1_181' title='bbox 1241 1180 1307 1231; x_wconf 92' lang='grc'>15,</span> <span class='ocrx_word' id='word_1_182' title='bbox 1353 1182 1422 1224; x_wconf 85' lang='grc'>20.</span> <span class='ocrx_word' id='word_1_183' title='bbox 1470 1207 1515 1211; x_wconf 78' lang='lat'><em>-</em></span> <span class='ocrx_word' id='word_1_184' title='bbox 1568 1195 1625 1226; x_wconf 84' lang='lat' dir='ltr'>ex</span> <span class='ocrx_word' id='word_1_185' title='bbox 1668 1182 1856 1234; x_wconf 88' lang='lat' dir='ltr'>„viriter</span> 
     </span>
     <span class='ocr_line' id='line_1_41' title="bbox 1101 1239 1855 1297; baseline 0.004 -15"><span class='ocrx_word' id='word_1_186' title='bbox 1101 1244 1290 1282; x_wconf 85' lang='lat' dir='ltr'>assans“</span> <span class='ocrx_word' id='word_1_187' title='bbox 1312 1239 1496 1284; x_wconf 87' lang='lat' dir='ltr'>efficias</span> <span class='ocrx_word' id='word_1_188' title='bbox 1517 1241 1743 1291; x_wconf 84' lang='lat' dir='ltr'>„viriliter</span> <span class='ocrx_word' id='word_1_189' title='bbox 1760 1241 1855 1297; x_wconf 86' lang='lat' dir='ltr'>agi-</span> 
     </span>
     <span class='ocr_line' id='line_1_42' title="bbox 1102 1299 1851 1349; baseline 0.004 -9"><span class='ocrx_word' id='word_1_190' title='bbox 1102 1303 1251 1349; x_wconf 82' lang='lat' dir='ltr'>tans“,</span> <span class='ocrx_word' id='word_1_191' title='bbox 1285 1299 1471 1343; x_wconf 83' lang='lat' dir='ltr'>assidue</span> <span class='ocrx_word' id='word_1_192' title='bbox 1500 1313 1557 1343; x_wconf 92' lang='lat' dir='ltr'>ne</span> <span class='ocrx_word' id='word_1_193' title='bbox 1575 1306 1735 1343; x_wconf 85' lang='lat' dir='ltr'>uratur</span> <span class='ocrx_word' id='word_1_194' title='bbox 1752 1301 1851 1343; x_wconf 88' lang='grc'>251.</span> 
     </span>
    </p>

    <p class='ocr_par' dir='ltr' id='par_1_8' title="bbox 1102 1357 1859 2755">
     <span class='ocr_line' id='line_1_43' title="bbox 1192 1357 1854 1403; baseline 0.003 -3"><span class='ocrx_word' id='word_1_195' title='bbox 1192 1357 1253 1400; x_wconf 87' lang='lat' dir='ltr'>ad</span> <span class='ocrx_word' id='word_1_196' title='bbox 1285 1359 1356 1401; x_wconf 88' lang='grc'>61.</span> <span class='ocrx_word' id='word_1_197' title='bbox 1389 1358 1433 1401; x_wconf 87' lang='lat' dir='ltr'>Is</span> <span class='ocrx_word' id='word_1_198' title='bbox 1456 1357 1573 1402; x_wconf 90' lang='lat' dir='ltr'>liber</span> <span class='ocrx_word' id='word_1_199' title='bbox 1592 1358 1854 1403; x_wconf 90' lang='lat' dir='ltr'>inscribitur</span> 
     </span>
     <span class='ocr_line' id='line_1_44' title="bbox 1102 1415 1855 1471; baseline 0.008 -17"><span class='ocrx_word' id='word_1_200' title='bbox 1102 1415 1319 1471; x_wconf 75' lang='grc' dir='ltr'><em>κηπουρὸς</em></span> <span class='ocrx_word' id='word_1_201' title='bbox 1364 1415 1649 1468; x_wconf 88' lang='lat' dir='ltr'>hortulanus,</span> <span class='ocrx_word' id='word_1_202' title='bbox 1699 1417 1855 1469; x_wconf 87' lang='lat' dir='ltr'>olitor,</span> 
     </span>
     <span class='ocr_line' id='line_1_45' title="bbox 1109 1475 1855 1532; baseline 0.003 -14"><span class='ocrx_word' id='word_1_203' title='bbox 1109 1475 1234 1530; x_wconf 88' lang='lat' dir='ltr'>quod</span> <span class='ocrx_word' id='word_1_204' title='bbox 1266 1475 1311 1518; x_wconf 90' lang='lat' dir='ltr'>in</span> <span class='ocrx_word' id='word_1_205' title='bbox 1344 1489 1399 1520; x_wconf 93' lang='lat' dir='ltr'>eo</span> <span class='ocrx_word' id='word_1_206' title='bbox 1433 1476 1491 1520; x_wconf 88' lang='lat' dir='ltr'>de</span> <span class='ocrx_word' id='word_1_207' title='bbox 1515 1476 1717 1520; x_wconf 87' lang='lat' dir='ltr'>oleribus</span> <span class='ocrx_word' id='word_1_208' title='bbox 1737 1489 1855 1532; x_wconf 85' lang='lat' dir='ltr'>quae</span> 
     </span>
     <span class='ocr_line' id='line_1_46' title="bbox 1107 1534 1855 1580; baseline 0.005 -4"><span class='ocrx_word' id='word_1_209' title='bbox 1107 1534 1153 1576; x_wconf 90' lang='lat' dir='ltr'>in</span> <span class='ocrx_word' id='word_1_210' title='bbox 1197 1534 1347 1578; x_wconf 90' lang='lat' dir='ltr'>cibum</span> <span class='ocrx_word' id='word_1_211' title='bbox 1390 1541 1685 1579; x_wconf 84' lang='lat' dir='ltr'>assumuntur</span> <span class='ocrx_word' id='word_1_212' title='bbox 1717 1542 1765 1580; x_wconf 79' lang='lat' dir='ltr'>et</span> <span class='ocrx_word' id='word_1_213' title='bbox 1797 1535 1855 1580; x_wconf 86' lang='lat' dir='ltr'>de</span> 
     </span>
     <span class='ocr_line' id='line_1_47' title="bbox 1108 1593 1856 1648; baseline 0.004 -13"><span class='ocrx_word' id='word_1_214' title='bbox 1108 1605 1266 1636; x_wconf 89' lang='lat' dir='ltr'>eorum</span> <span class='ocrx_word' id='word_1_215' title='bbox 1308 1593 1626 1648; x_wconf 84' lang='lat' dir='ltr'>pulmentariis</span> <span class='ocrx_word' id='word_1_216' title='bbox 1670 1599 1717 1639; x_wconf 91' lang='lat' dir='ltr'>et</span> <span class='ocrx_word' id='word_1_217' title='bbox 1750 1607 1856 1638; x_wconf 87' lang='lat' dir='ltr'>con-</span> 
     </span>
     <span class='ocr_line' id='line_1_48' title="bbox 1108 1651 1856 1708; baseline 0.004 -14"><span class='ocrx_word' id='word_1_218' title='bbox 1108 1651 1323 1695; x_wconf 82' lang='lat' dir='ltr'>dimentis</span> <span class='ocrx_word' id='word_1_219' title='bbox 1355 1653 1511 1708; x_wconf 82' lang='lat' dir='ltr'>agitur</span> <span class='ocrx_word' id='word_1_220' title='bbox 1543 1659 1590 1697; x_wconf 91' lang='lat' dir='ltr'>et</span> <span class='ocrx_word' id='word_1_221' title='bbox 1620 1653 1723 1708; x_wconf 87' lang='lat' dir='ltr'>ipsa</span> <span class='ocrx_word' id='word_1_222' title='bbox 1751 1667 1856 1697; x_wconf 93' lang='lat' dir='ltr'>con-</span> 
     </span>
     <span class='ocr_line' id='line_1_49' title="bbox 1106 1705 1854 1767; baseline -0.003 -14"><span class='ocrx_word' id='word_1_223' title='bbox 1106 1705 1244 1754; x_wconf 87' lang='lat' dir='ltr'>ficere</span> <span class='ocrx_word' id='word_1_224' title='bbox 1278 1711 1485 1763; x_wconf 85' lang='lat' dir='ltr'>docetur,</span> <span class='ocrx_word' id='word_1_225' title='bbox 1520 1714 1617 1767; x_wconf 78' lang='grc' dir='ltr'>περὶ</span> <span class='ocrx_word' id='word_1_226' title='bbox 1642 1728 1854 1767; x_wconf 74' lang='grc' dir='ltr'><em>κηπουρι-</em></span> 
     </span>
     <span class='ocr_line' id='line_1_50' title="bbox 1107 1768 1856 1825; baseline 0.004 -18"><span class='ocrx_word' id='word_1_227' title='bbox 1107 1771 1194 1808; x_wconf 81' lang='grc' dir='ltr'>κῶν</span> <span class='ocrx_word' id='word_1_228' title='bbox 1227 1770 1439 1823; x_wconf 75' lang='grc' dir='ltr'>λαχάνων,</span> <span class='ocrx_word' id='word_1_229' title='bbox 1473 1773 1571 1825; x_wconf 69' lang='grc' dir='ltr'>περὶ</span> <span class='ocrx_word' id='word_1_230' title='bbox 1602 1768 1856 1824; x_wconf 75' lang='grc' dir='ltr'><em>ἡδυσμάτων</em></span> 
     </span>
     <span class='ocr_line' id='line_1_51' title="bbox 1106 1827 1856 1885; baseline 0.003 -19"><span class='ocrx_word' id='word_1_231' title='bbox 1106 1832 1307 1880; x_wconf 78' lang='grc' dir='ltr'>κηπαίων,</span> <span class='ocrx_word' id='word_1_232' title='bbox 1341 1833 1437 1884; x_wconf 73' lang='grc' dir='ltr'>περὶ</span> <span class='ocrx_word' id='word_1_233' title='bbox 1480 1827 1717 1881; x_wconf 74' lang='grc' dir='ltr'>φυλλάὸων,</span> <span class='ocrx_word' id='word_1_234' title='bbox 1758 1832 1856 1885; x_wconf 80' lang='grc' dir='ltr'>περὶ</span> 
     </span>
     <span class='ocr_line' id='line_1_52' title="bbox 1104 1887 1858 1944; baseline 0.004 -19"><span class='ocrx_word' id='word_1_235' title='bbox 1104 1889 1192 1926; x_wconf 78' lang='grc' dir='ltr'>τῶν</span> <span class='ocrx_word' id='word_1_236' title='bbox 1264 1889 1447 1943; x_wconf 77' lang='grc' dir='ltr'><em>χλωρῶν</em></span> <span class='ocrx_word' id='word_1_237' title='bbox 1521 1887 1858 1944; x_wconf 75' lang='grc' dir='ltr'><em>ὑποτριμμάτων</em></span> 
     </span>
     <span class='ocr_line' id='line_1_53' title="bbox 1106 1945 1854 2001; baseline 0 -12"><span class='ocrx_word' id='word_1_238' title='bbox 1106 1945 1227 1997; x_wconf 71' lang='lat' dir='ltr'>(Cas.</span> <span class='ocrx_word' id='word_1_239' title='bbox 1269 1947 1331 1990; x_wconf 85' lang='lat' dir='ltr'>ad</span> <span class='ocrx_word' id='word_1_240' title='bbox 1374 1947 1547 1991; x_wconf 74' lang='lat' dir='ltr'>Athen.</span> <span class='ocrx_word' id='word_1_241' title='bbox 1597 1949 1640 1999; x_wconf 88' lang='grc'>2,</span> <span class='ocrx_word' id='word_1_242' title='bbox 1673 1949 1728 1991; x_wconf 83' lang='lat'>73</span> <span class='ocrx_word' id='word_1_243' title='bbox 1760 1948 1854 2001; x_wconf 88' lang='lat' dir='ltr'>in.).</span> 
     </span>
     <span class='ocr_line' id='line_1_54' title="bbox 1105 2004 1857 2061; baseline 0.004 -14"><span class='ocrx_word' id='word_1_244' title='bbox 1105 2004 1266 2048; x_wconf 86' lang='lat' dir='ltr'>Sabini</span> <span class='ocrx_word' id='word_1_245' title='bbox 1300 2005 1482 2050; x_wconf 83' lang='lat' dir='ltr'>Tironis</span> <span class='ocrx_word' id='word_1_246' title='bbox 1514 2005 1681 2050; x_wconf 91' lang='lat' dir='ltr'>librum</span> <span class='ocrx_word' id='word_1_247' title='bbox 1722 2020 1857 2061; x_wconf 88' lang='lat' dir='ltr'>cepu-</span> 
     </span>
     <span class='ocr_line' id='line_1_55' title="bbox 1105 2063 1857 2116; baseline 0.004 -10"><span class='ocrx_word' id='word_1_248' title='bbox 1105 2063 1233 2107; x_wconf 86' lang='lat' dir='ltr'>ricon</span> <span class='ocrx_word' id='word_1_249' title='bbox 1273 2064 1435 2108; x_wconf 88' lang='lat' dir='ltr'>laudat</span> <span class='ocrx_word' id='word_1_250' title='bbox 1479 2066 1595 2109; x_wconf 89' lang='lat' dir='ltr'>Plin.</span> <span class='ocrx_word' id='word_1_251' title='bbox 1643 2067 1710 2116; x_wconf 82' lang='lat'>19,</span> <span class='ocrx_word' id='word_1_252' title='bbox 1758 2065 1857 2109; x_wconf 80' lang='lat'>177.</span> 
     </span>
     <span class='ocr_line' id='line_1_56' title="bbox 1106 2122 1857 2169; baseline 0 -3"><span class='ocrx_word' id='word_1_253' title='bbox 1106 2122 1350 2167; x_wconf 84' lang='lat' dir='ltr'>Caesennii</span> <span class='ocrx_word' id='word_1_254' title='bbox 1375 2124 1469 2166; x_wconf 88' lang='lat' dir='ltr'>ind.</span> <span class='ocrx_word' id='word_1_255' title='bbox 1502 2124 1578 2168; x_wconf 87' lang='lat' dir='ltr'>lib.</span> <span class='ocrx_word' id='word_1_256' title='bbox 1597 2125 1723 2169; x_wconf 91' lang='lat' dir='ltr'>XIX.</span> <span class='ocrx_word' id='word_1_257' title='bbox 1757 2123 1810 2168; x_wconf 87' lang='lat' dir='ltr'>T.</span> <span class='ocrx_word' id='word_1_258' title='bbox 1834 2125 1857 2166; x_wconf 89' lang='lat'>1</span> 
     </span>
     <span class='ocr_line' id='line_1_57' title="bbox 1107 2183 1859 2236; baseline 0.003 -13"><span class='ocrx_word' id='word_1_259' title='bbox 1107 2194 1151 2236; x_wconf 91' lang='lat' dir='ltr'>p.</span> <span class='ocrx_word' id='word_1_260' title='bbox 1186 2183 1255 2225; x_wconf 91' lang='grc'>51.</span> <span class='ocrx_word' id='word_1_261' title='bbox 1320 2183 1506 2226; x_wconf 91' lang='lat' dir='ltr'>Holus</span> <span class='ocrx_word' id='word_1_262' title='bbox 1551 2187 1599 2227; x_wconf 89' lang='lat' dir='ltr'>et</span> <span class='ocrx_word' id='word_1_263' title='bbox 1638 2183 1859 2227; x_wconf 85' lang='lat' dir='ltr'>clusin</span> 
     </span>
     <span class='ocr_line' id='line_1_58' title="bbox 1107 2241 1859 2298; baseline 0.003 -15"><span class='ocrx_word' id='word_1_264' title='bbox 1107 2241 1292 2285; x_wconf 88' lang='lat' dir='ltr'>nostris.</span> <span class='ocrx_word' id='word_1_265' title='bbox 1334 2242 1451 2285; x_wconf 91' lang='lat' dir='ltr'>illud</span> <span class='ocrx_word' id='word_1_266' title='bbox 1494 2244 1700 2296; x_wconf 84' lang='lat' dir='ltr'>praetuli</span> <span class='ocrx_word' id='word_1_267' title='bbox 1732 2241 1859 2298; x_wconf 90' lang='lat' dir='ltr'>quod</span> 
     </span>
     <span class='ocr_line' id='line_1_59' title="bbox 1108 2299 1857 2357; baseline 0.005 -16"><span class='ocrx_word' id='word_1_268' title='bbox 1108 2299 1155 2342; x_wconf 86' lang='lat' dir='ltr'>id</span> <span class='ocrx_word' id='word_1_269' title='bbox 1187 2299 1215 2342; x_wconf 93' lang='lat' dir='ltr'><strong>h</strong></span> <span class='ocrx_word' id='word_1_270' title='bbox 1247 2301 1451 2344; x_wconf 82' lang='lat' dir='ltr'>radicale</span> <span class='ocrx_word' id='word_1_271' title='bbox 1494 2305 1566 2344; x_wconf 91' lang='lat' dir='ltr'>est</span> <span class='ocrx_word' id='word_1_272' title='bbox 1608 2306 1655 2345; x_wconf 93' lang='lat' dir='ltr'>et</span> <span class='ocrx_word' id='word_1_273' title='bbox 1686 2313 1857 2357; x_wconf 86' lang='lat' dir='ltr'>graeco</span> 
     </span>
     <span class='ocr_line' id='line_1_60' title="bbox 1103 2359 1857 2415; baseline 0.003 -13"><span class='ocrx_word' id='word_1_274' title='bbox 1103 2374 1152 2411; x_wconf 84' lang='grc' dir='ltr'>χ,</span> <span class='ocrx_word' id='word_1_275' title='bbox 1185 2359 1376 2414; x_wconf 84' lang='lat' dir='ltr'>gothico</span> <span class='ocrx_word' id='word_1_276' title='bbox 1400 2373 1432 2415; x_wconf 83' lang='lat' dir='ltr'>g</span> <span class='ocrx_word' id='word_1_277' title='bbox 1452 2360 1717 2415; x_wconf 86' lang='lat' dir='ltr'>respondet,</span> <span class='ocrx_word' id='word_1_278' title='bbox 1748 2359 1857 2415; x_wconf 80' lang='grc' dir='ltr'><strong><em>χόρ-</em></strong></span> 
     </span>
     <span class='ocr_line' id='line_1_61' title="bbox 1107 2418 1858 2474; baseline -0.009 -10"><span class='ocrx_word' id='word_1_279' title='bbox 1107 2432 1176 2463; x_wconf 73' lang='grc' dir='ltr'>τσς</span> <span class='ocrx_word' id='word_1_280' title='bbox 1201 2418 1362 2462; x_wconf 89' lang='lat' dir='ltr'>hortus</span> <span class='ocrx_word' id='word_1_281' title='bbox 1379 2423 1559 2474; x_wconf 84' lang='lat' dir='ltr'>garten,</span> <span class='ocrx_word' id='word_1_282' title='bbox 1593 2419 1708 2462; x_wconf 91' lang='lat' dir='ltr'>conl.</span> <span class='ocrx_word' id='word_1_283' title='bbox 1731 2418 1858 2473; x_wconf 76' lang='grc' dir='ltr'>χλόη,</span> 
     </span>
     <span class='ocr_line' id='line_1_62' title="bbox 1104 2477 1859 2534; baseline -0.005 -11"><span class='ocrx_word' id='word_1_284' title='bbox 1104 2477 1301 2533; x_wconf 69' lang='grc' dir='ltr'><em>χλοερὸς,</em></span> <span class='ocrx_word' id='word_1_285' title='bbox 1331 2477 1511 2534; x_wconf 73' lang='grc' dir='ltr'>χλωρὸς.</span> <span class='ocrx_word' id='word_1_286' title='bbox 1585 2478 1777 2522; x_wconf 82' lang='lat' dir='ltr'>Salmas.</span> <span class='ocrx_word' id='word_1_287' title='bbox 1812 2477 1859 2520; x_wconf 93' lang='lat' dir='ltr'>in</span> 
     </span>
     <span class='ocr_line' id='line_1_63' title="bbox 1108 2535 1858 2591; baseline 0 -13"><span class='ocrx_word' id='word_1_288' title='bbox 1108 2535 1201 2579; x_wconf 84' lang='lat' dir='ltr'>Sol.</span> <span class='ocrx_word' id='word_1_289' title='bbox 1236 2550 1266 2591; x_wconf 88' lang='lat' dir='ltr'>p</span> <span class='ocrx_word' id='word_1_290' title='bbox 1317 2538 1414 2580; x_wconf 86' lang='grc'>219.</span> <span class='ocrx_word' id='word_1_291' title='bbox 1442 2538 1540 2580; x_wconf 84' lang='grc'>230.</span> <span class='ocrx_word' id='word_1_292' title='bbox 1574 2537 1858 2581; x_wconf 87' lang='lat' dir='ltr'>Doederlein</span> 
     </span>
     <span class='ocr_line' id='line_1_64' title="bbox 1106 2594 1857 2651; baseline 0.003 -14"><span class='ocrx_word' id='word_1_293' title='bbox 1106 2594 1223 2638; x_wconf 83' lang='lat' dir='ltr'>Red.</span> <span class='ocrx_word' id='word_1_294' title='bbox 1269 2610 1310 2639; x_wconf 91' lang='lat' dir='ltr'>u.</span> <span class='ocrx_word' id='word_1_295' title='bbox 1355 2595 1489 2640; x_wconf 86' lang='lat' dir='ltr'>Aufs.</span> <span class='ocrx_word' id='word_1_296' title='bbox 1532 2610 1578 2651; x_wconf 87' lang='lat' dir='ltr'>p.</span> <span class='ocrx_word' id='word_1_297' title='bbox 1622 2597 1720 2639; x_wconf 84' lang='lat'>366.</span> <span class='ocrx_word' id='word_1_298' title='bbox 1754 2595 1857 2639; x_wconf 80' lang='lat'>367.</span> 
     </span>
     <span class='ocr_line' id='line_1_65' title="bbox 1106 2654 1855 2755; baseline -0.003 -58"><span class='ocrx_word' id='word_1_299' title='bbox 1106 2654 1240 2755; x_wconf 41' lang='lat' dir='ltr'>Monie</span> <span class='ocrx_word' id='word_1_300' title='bbox 1281 2655 1396 2698; x_wconf 86' lang='lat' dir='ltr'>Bad.</span> <span class='ocrx_word' id='word_1_301' title='bbox 1441 2655 1776 2711; x_wconf 88' lang='lat' dir='ltr'>Urgeschichte</span> <span class='ocrx_word' id='word_1_302' title='bbox 1816 2654 1855 2696; x_wconf 92' lang='lat'>1.</span> 
     </span>
    </p>

    <p class='ocr_par' dir='ltr' id='par_1_9' title="bbox 1108 2771 1857 2889">
     <span class='ocr_line' id='line_1_66' title="bbox 1197 2771 1857 2828; baseline 0.002 -13"><span class='ocrx_word' id='word_1_303' title='bbox 1197 2772 1259 2816; x_wconf 88' lang='lat' dir='ltr'>ad</span> <span class='ocrx_word' id='word_1_304' title='bbox 1277 2774 1345 2817; x_wconf 77' lang='lat'>62.</span> <span class='ocrx_word' id='word_1_305' title='bbox 1378 2771 1576 2828; x_wconf 86' lang='lat' dir='ltr'>Apicius</span> <span class='ocrx_word' id='word_1_306' title='bbox 1610 2772 1745 2816; x_wconf 88' lang='lat' dir='ltr'>dicit:</span> <span class='ocrx_word' id='word_1_307' title='bbox 1777 2772 1857 2817; x_wconf 89' lang='lat' dir='ltr'>be-</span> 
     </span>
     <span class='ocr_line' id='line_1_67' title="bbox 1108 2833 1857 2889; baseline 0.005 -14"><span class='ocrx_word' id='word_1_308' title='bbox 1108 2835 1182 2876; x_wconf 85' lang='lat' dir='ltr'>tas</span> <span class='ocrx_word' id='word_1_309' title='bbox 1217 2858 1270 2864; x_wconf 97' lang='lat'><strong>—</strong></span> <span class='ocrx_word' id='word_1_310' title='bbox 1303 2834 1350 2878; x_wconf 93' lang='lat' dir='ltr'>in</span> <span class='ocrx_word' id='word_1_311' title='bbox 1382 2833 1453 2877; x_wconf 90' lang='lat' dir='ltr'>ius</span> <span class='ocrx_word' id='word_1_312' title='bbox 1485 2833 1604 2880; x_wconf 90' lang='lat' dir='ltr'>infra</span> <span class='ocrx_word' id='word_1_313' title='bbox 1635 2833 1857 2889; x_wconf 88' lang='lat' dir='ltr'>scriptum</span> 
     </span>
    </p>
   </div>
  </div>
 </body>
</html>
