2066 3276
301 182 372 235 20
973 167 1222 226 Praefatioss

298 313 552 366 auxilium
601 313 717 365 fore
769 313 1050 366 arbitratus
1105 322 1156 366 et
1208 315 1401 366 bonum
1457 313 1644 367 ducem
1693 316 1888 367 bonum

300 402 544 455 comitem
596 402 871 454 facturum.
928 401 1119 453 mutuis
1172 401 1373 467 aliquot
1420 401 1656 471 epistolis
1706 402 1772 455 de
1811 403 1887 455 in-

300 489 565 542 stituenda
603 489 805 542 ratione
848 488 1139 542 communis
1180 488 1358 556 operis
1390 489 1564 542 missis
1594 490 1763 543 exitus
1791 489 1891 542 fuit

298 582 355 628 ut
404 593 527 629 suas
581 577 890 630 collationes
935 593 1143 630 mecum
1196 577 1609 630 communicaret
1654 595 1818 646 seque
1858 596 1891 631 a

300 682 425 718 cura
464 665 711 736 apiciana
732 670 1043 719 removeret.
1087 670 1207 718 sunt
1244 665 1369 718 illae
1411 666 1611 719 codicis
1657 667 1891 720 vaticani

302 755 443 806 1146
496 752 657 825 (sigla
705 754 817 808 eius
870 760 951 807 est
998 753 1059 824 β)
1115 754 1455 808 vetustissimi
1509 755 1629 808 circ.
1672 772 1777 809 sec.
1819 756 1886 809 X.

300 843 447 896 cuius
485 843 661 895 varias
699 843 956 896 lectiones
988 843 1105 911 jam
1145 842 1349 895 Gudius
1391 841 1482 914 (cf.
1511 843 1718 897 Fabric.
1751 843 1885 898 Bibl.

297 932 413 985 Lat.
455 932 516 985 T.
553 933 595 984 I.
636 948 687 999 p.
723 931 847 986 502.
888 936 996 984 not.
1039 930 1117 1002 d.)
1170 931 1240 984 ad
1292 931 1588 999 marginem
1641 931 1887 986 editionis

296 1019 510 1073 minime
564 1019 952 1088 exspectationi
1003 1019 1377 1088 respondentis
1430 1019 1753 1074 Torinianae
1794 1037 1929 1089 ap-r

297 1109 546 1180 pinxerat
578 1109 704 1162 anni
743 1109 897 1162 1551.
938 1125 1029 1162 eas
1061 1108 1173 1163 fere
1199 1108 1411 1163 inutiles
1437 1126 1470 1161 a
1495 1108 1740 1162 Fabricio
1772 1126 1891 1162 cum

296 1197 696 1252 Almeloveenio
732 1197 821 1267 qui
856 1197 1143 1251 editionem
1170 1198 1317 1250 illam
1352 1197 1890 1252 amstelodamensem

298 1304 383 1340 an.
427 1287 719 1341 MDOGIX.
764 1286 967 1340 curavit
1017 1287 1258 1340 absoluto
1299 1286 1405 1338 iam
1446 1302 1607 1354 opere
1658 1303 1886 1339 commu-

297 1376 502 1430 nicatas
553 1380 676 1444 post
725 1393 850 1446 pag.
887 1377 1010 1430 277.
1064 1375 1232 1428 habes
1282 1374 1515 1444 indeque
1566 1392 1783 1429 recusas
1834 1376 1889 1429 in

297 1465 698 1520 bernholdiana.
741 1470 966 1534 suntque
1015 1465 1143 1518 item
1182 1464 1413 1518 vaticani
1456 1464 1596 1517 1145
1645 1464 1698 1535 (y
1738 1464 1888 1536 mihi)

300 1571 405 1608 sec.
447 1555 591 1607 XIV.
634 1553 804 1606 minus
840 1553 966 1607 boni
1001 1559 1053 1607 et
1079 1553 1299 1622 parisini
1335 1554 1477 1605 6167
1502 1553 1569 1625 (π
1596 1553 1763 1624 1111111).
1800 1571 1889 1607 va-

298 1643 518 1703 ticanos⁴
547 1659 751 1695 summa
791 1659 908 1695 cum
950 1659 1075 1696 cura
1115 1642 1333 1696 contulit
1372 1643 1431 1695 E.
1473 1643 1667 1709 Braun,
1710 1643 1889 1696 Dueb-

299 1748 396 1785 ner
434 1732 740 1800 parisinum.
781 1731 826 1784 is
866 1731 919 1784 in
959 1731 1133 1784 multis
1174 1731 1425 1784 abhorret
1463 1732 1530 1784 ab
1571 1730 1691 1798 illis,
1744 1730 1891 1784 vide-

300 1825 382 1872 tur
422 1821 555 1873 alius
595 1820 828 1874 familiae
870 1820 1018 1874 cuius
1057 1820 1308 1888 princeps
1357 1819 1600 1873 librarius
1653 1820 1741 1872 vel
1780 1835 1891 1873 cor-

300 1913 456 1976 rupta
493 1910 579 1962 vel
617 1926 724 1962 non
763 1909 891 1962 satis
924 1909 1195 1963 intellecta
1222 1926 1318 1961 sua
1346 1908 1657 1961 auctoritate
1687 1913 1738 1961 et
1767 1925 1889 1961 con-

303 1997 419 2050 silio
461 1998 714 2051 abolebat
754 2002 806 2051 et
847 1998 1165 2065 corrigebat.
1208 1999 1477 2064 lemmata,
1518 1997 1893 2065 inscriptiones

304 2085 641 2154 capitulaque
683 2086 872 2138 omittit
909 2086 1070 2153 idque
1110 2087 1314 2153 meritc,
1356 2104 1479 2139 nam
1513 2091 1634 2139 sunt
1655 2085 1892 2139 librario-

301 2190 415 2226 rum
455 2179 614 2242 atque
666 2191 771 2227 non
811 2176 1116 2228 necessario
1156 2176 1346 2229 librum
1385 2179 1599 2242 augent.
1655 2175 1800 2227 socio
1840 2174 1894 2226 in

304 2279 468 2331 opere
508 2262 758 2316 faciendo
798 2268 1003 2316 mortuo
1039 2263 1254 2317 deserta
1289 2280 1451 2317 causa
1482 2263 1603 2329 vici,
1648 2267 1761 2315 erat
1793 2261 1892 2314 sci-

300 2353 428 2406 licet
467 2369 575 2404 non
612 2369 732 2405 raro
774 2357 993 2420 patruus
1033 2353 1161 2405 mihi
1202 2359 1254 2406 01
1290 2353 1474 2419 lingua
1513 2351 1764 2405 bellabat.
1816 2355 1891 2403 at-

304 2457 405 2508 que
444 2440 570 2507 iugo
614 2457 838 2494 excusso
881 2458 1039 2510 quam
1086 2447 1322 2511 spartam
1359 2458 1492 2494 unus
1532 2445 1718 2493 nactus
1757 2439 1894 2493 hanc

305 2530 489 2582 ornavi
543 2534 594 2582 et
645 2530 720 2583 sic
762 2530 851 2581 uni
890 2530 1016 2581 mihi
1053 2529 1403 2583 fundamenta
1440 2529 1706 2596 facienda,
1757 2545 1892 2582 sum-

302 2635 445 2671 mum
483 2617 755 2685 fastigium
793 2618 1171 2690 imponendum
1212 2623 1264 2672 et
1302 2635 1551 2687 suprema
1583 2634 1771 2670 manus
1800 2615 1892 2669 ad-

306 2706 499 2761 denda.
543 2707 631 2776 qui
670 2706 840 2775 primo
883 2708 1097 2761 summis
1135 2708 1363 2779 pedibus
1402 2706 1757 2774 ingrediebar,
1801 2703 1892 2757 ho-

304 2811 418 2848 rum
459 2795 701 2849 codicum
742 2801 794 2849 et
824 2795 1081 2848 editionis
1115 2796 1369 2864 principis
1398 2812 1501 2867 ope
1527 2793 1725 2863 leporis
1754 2793 1893 2847 vitae
