2066 3276
211 1988 213 1993 '
305 1993 354 2033 to
387 1987 488 2032 401.
523 1987 624 2032 406.
667 1987 927 2043 contingito
959 1989 1057 2031 112.

305 241 409 296 182
493 228 505 239 ’
820 242 920 289 Lib.
945 242 1067 289 VIII.
1113 243 1356 301 Tetrapus.

301 375 604 443 satureiam,
646 393 852 445 cepam,
893 382 1082 446 rutam,
1124 377 1228 463 api
1254 395 1455 444 semen,
1490 378 1773 448 liquamen,
1814 381 1888 433 la*

301 466 403 517 sar,
444 450 622 503 vinum
663 454 715 503 et
765 450 1032 505 modicum
1087 451 1207 505 olel.
1262 452 1580 519 aliquotiens
1632 459 1888 522 versatur,

299 524 353 577 in
391 524 511 591 ipsa
550 523 890 592 percoquitur
931 523 1224 578 conditura.

413 598 538 650 396.
578 598 713 651 Item
753 597 911 650 aliam
951 599 1022 650 ad
1063 616 1184 652 eum
1222 599 1519 669 inpensam,
1563 617 1679 653 cum
1720 617 1890 671 prope

299 670 412 724 tolli
452 669 676 724 debeat:
718 676 858 725 teres
886 672 1058 740 piper,
1089 672 1359 740 dactilum,
1388 673 1546 739 lasar,
1589 690 1746 726 uvam
1770 691 1890 745 pas·

299 761 431 811 sam,
474 762 776 812 caroenum,
816 745 1102 814 liquamen,
1135 747 1325 800 oleum.
1365 746 1640 800 suffundes
1682 753 1734 801 et
1773 765 1892 802 cum

300 818 545 886 bullierit,
597 819 754 888 piper
805 819 1053 891 aspargis
1107 825 1159 874 et
1194 820 1407 874 inferes,

411 893 536 947 397.
596 893 934 962 Leporem
992 893 1281 947 farsum:
1354 895 1575 948 nucleos
1634 894 1890 962 integrOS,

299 965 588 1034 amigdala,
628 984 793 1021 nuces
833 967 945 1021 sive
986 968 1213 1035 glandes
1255 968 1514 1034 concisaS,
1543 968 1744 1037 piperis
1774 986 1891 1036 gra-

298 1058 368 1092 na
411 1040 601 1109 solida,
641 1042 860 1112 pulpam
914 1040 983 1095 de
1034 1042 1151 1110 ipso
1205 1042 1391 1113 lepore
1445 1046 1496 1095 et
1549 1042 1660 1095 ovis
1712 1042 1892 1096 fractis

300 1115 581 1182 obligatur.
641 1114 837 1182 tegitur
896 1122 1106 1169 omento
1166 1115 1401 1184 porcino,
1475 1116 1530 1168 in.
1588 1115 1756 1170 furno,
1816 1116 1892 1170 sic

298 1188 488 1241 iterum
526 1189 811 1257 inpensam
850 1189 1047 1242 facies:
1088 1196 1276 1258 rut-am,
1316 1189 1486 1257 piper,
1523 1190 1767 1243 satiniam
1808 1208 1891 1244 ce-

300 1280 443 1332 pam,
485 1263 790 1329 satureiam,
833 1262 1103 1330 dactilum,
1157 1264 1317 1330 lasar,
1370 1264 1658 1330 liquamen,
1712 1281 1893 1318 caroe-

301 1353 426 1389 num
466 1337 554 1390 vel
594 1336 882 1390 conditum.
926 1337 1017 1389 diu
1058 1337 1346 1391 conbulliat
1385 1336 1558 1390 donec
1610 1338 1804 1407 spisset
1844 1342 1896 1391 et

302 1410 379 1465 sic
418 1410 769 1479 perfunditur.
813 1410 910 1464 sed
949 1411 1103 1480 lepus
1141 1411 1195 1463 in
1236 1412 1478 1483 piperato
1519 1411 1809 1478 liquamine
1844 1416 1896 1465 et

300 1485 477 1538 lasare
515 1489 743 1538 maneat.

415 1560 540 1613 398.
582 1559 696 1612 Ius
736 1558 1058 1612 albumin
1086 1575 1310 1612 assum
1338 1558 1680 1626 leporem:
1723 1559 1893 1627 piper,

302 1633 608 1699 ligisticum,
653 1632 917 1699 ciminum,
960 1632 1050 1702 api
1090 1649 1291 1698 semen,
1353 1632 1439 1685 ovi
1480 1632 1596 1684 duri
1646 1632 1895 1686 medium.

302 1707 543 1760 trituram
585 1707 807 1774 colliges
849 1711 901 1760 et
939 1699 1107 1760 faci‘es
1149 1707 1366 1773 globum
1409 1711 1572 1759 extra.
1615 1706 1670 1759 in
1710 1724 1894 1760 cacca-

302 1782 427 1835 bulo
470 1798 668 1849 coques
708 1781 994 1849 liquamen,
1035 1780 1232 1849 vinum,
1275 1781 1466 1846 oleum,
1521 1788 1744 1848 acetum,
1786 1798 1894 1834 mo-

1149 1928 1289 1972 lotae.
1335 1926 1391 1972 cf.
1436 1927 1554 1971 Plin.
1590 1928 1658 1979 16,
1690 1928 1732 1970 3.
1766 1928 1805 1970 6.
1842 1953 1894 1959 -

1148 1987 1387 2042 pulpam
1450 1985 1705 2041 pulmones,
1768 1986 1898 2030 iocur

304 1934 393 1974 tur.
427 1954 478 1958 --
513 1929 876 1984 pertangito
910 1929 1059 1984 tangi-

304 2048 404 2092 295.
454 2048 556 2091 300.
604 2047 770 2092 leviter
816 2046 1057 2102 perfunde.

307 2131 358 2137 ——
378 2106 522 2150 malui
553 2106 719 2151 lasar
750 2106 936 2150 vivum
956 2106 1057 2150 243.

304 2166 403 2210 393.
441 2164 497 2210 cf.
530 2166 631 2210 396.
678 2191 730 2197 ——
776 2170 1059 2210 versatur

304 2225 452 2280 lepus,
507 2227 727 2281 στρέφεται
779 2223 952 2269 Athen.
1011 2238 1055 2280 p.

305 2285 391 2328 623
423 2282 487 2328 A.

395 2343 456 2387 ad
488 2343 589 2386 396.
622 2342 693 2385 ad
728 2354 849 2387 eam
883 2341 1020 2386 codd.

393 2402 455 2446 ad
487 2402 588 2445 397.
651 2401 907 2457 glandes
952 2414 1059 2444 con-

307 2474 507 2518 coquere
553 2461 786 2515 impotens
839 2459 1059 2518 physicus

306 2520 500 2565 isncnsis
544 2533 658 2563 corr.
720 2519 1057 2575 iuglandes.

306 2583 415 2623 sunt
445 2592 557 2623 vero
590 2577 834 2634 aphaeresi
857 2578 1061 2622 admissa

305 2638 382 2683 vel
415 2637 606 2682 eaedem
648 2637 724 2681 vel
765 2637 961 2693 glandes
993 2636 1060 2680 fa-

306 2710 425 2754 geae
457 2710 494 2741 S.
528 2695 759 2752 fagineae,
791 2695 968 2740 fructus
993 2695 1060 2739 fa-

307 2757 370 2813 gi,
403 2755 635 2800 hibericae
670 2755 809 2799 Gellii
841 2755 882 2806 6,
917 2756 986 2807 16,
1017 2755 1058 2798 5.

307 2814 585 2866 buchecker,
645 2813 932 2864 bucheichel,
989 2813 1060 2858 vel

309 2874 486 2920 fructus
530 2874 688 2919 dulces
730 2886 924 2931 quercus
961 2873 1060 2918 bal-

1148 2047 1248 2090 373.
1281 2046 1383 2097 384,
1428 2045 1494 2090 de
1538 2046 1747 2090 codicum
1788 2045 1899 2090 mihi

1150 2111 1222 2149 est
1253 2105 1488 2160 tegitur
1520 2118 1574 2148 cx
1604 2105 1703 2148 402.
1722 2105 1822 2148 403.
1844 2131 1896 2135 —

1148 2165 1205 2209 in
1237 2163 1410 2209 furno
1444 2176 1585 2208 assas.
1608 2165 1761 2208 -ite
1781 2178 1898 2208 rum

1149 2224 1360 2268 alteram.
1382 2249 1432 2253 —
1459 2223 1621 2267 similis
1655 2224 1900 2268 conditura

1149 2287 1222 2327 est
1252 2283 1354 2327 407.
1398 2307 1451 2312 ψ
1495 2283 1775 2327 setiniam
1809 2295 1899 2326 ce-

1148 2354 1278 2398 pam
1321 2355 1378 2386 ex
1418 2342 1516 2385 356.
1561 2356 1645 2397 pro
1690 2341 1900 2386 codicum

1149 2401 1304 2446 satis
1352 2414 1551 2456 cepam
1609 2405 1656 2445 ct
1703 2401 1899 2444 dacti-

1148 2461 1274 2511 lum,
1334 2460 1498 2504 lasar
1554 2474 1611 2504 ex
1665 2461 1764 2503 396.
1815 2473 1899 2514 pro

1151 2519 1443 2563 dactilos.
1507 2519 1627 2563 idem
1686 2518 1899 2563 mendum

1151 2592 1207 2623 ex
1240 2578 1514 2634 compendio
1549 2582 1701 2622 ortum
1734 2577 1901 2621 sustuli

1151 2637 1251 2680 407.
1288 2663 1341 2668 -
1375 2650 1459 2693 pro
1494 2636 1594 2680 diu
1627 2636 1900 2680 cumb.vel

1152 2697 1253 2740 diu
1286 2695 1460 2740 comb.
1501 2700 1544 2747 β.
1589 2695 1680 2740 duo
1713 2695 1900 2750 pessimi

1150 2769 1355 2800 meorum
1386 2754 1560 2800 habent
1592 2755 1810 2799 avicum
1838 2754 1883 2797 b.

1240 2814 1301 2858 ad
1332 2815 1432 2858 398.
1475 2814 1731 2869 colliges
1762 2812 1898 2857 melle

1151 2874 1222 2917 33.
1280 2874 1352 2918 35.
1402 2874 1500 2917 105.
1558 2897 1613 2904 —-
1668 2872 1898 2917 modico
