2066 3276
289 238 355 289 14
961 235 1213 282 Praefatio.

284 369 610 423 Guilermum
650 369 902 436 Signerre
954 370 1442 437 Rothomagensem
1490 389 1630 424 anno
1673 372 1871 426 domini

282 458 925 512 MCOCCLXXXXVIII.
986 458 1072 511 die
1124 460 1230 511 XX
1279 460 1477 512 mensis
1528 461 1761 513 Ianuarii
1821 467 1872 515 et

281 564 418 616 quae
465 546 703 600 Venetiis
750 547 940 599 MDIII
991 564 1088 615 per
1138 549 1394 601 Ioannem
1449 549 1516 603 de
1569 550 1759 603 Cereto
1803 550 1870 603 de

280 636 518 703 Tridino,
572 636 865 689 Tacuinum
917 636 1050 689 alias
1098 637 1423 690 nominatum
1477 643 1529 691 et
1570 655 1705 705 quae
1745 640 1870 691 Ant-

278 725 498 793 verpiae
520 742 604 793 ap.
633 726 766 778 Rob.
795 724 1029 777 Bellaert
1054 725 1195 793 typis
1221 726 1333 778 Ioh.
1366 726 1611 794 Gnaphei
1639 728 1868 779 MDXX.

278 815 409 868 meis
451 813 616 867 oculis
654 813 766 866 vidi
805 818 857 866 et
888 814 1348 881 persuasissimum
1375 814 1503 866 mihi
1533 820 1612 868 est
1644 832 1736 868 eas
1764 820 1871 869 tres

278 904 547 958 sublestae
601 919 720 956 esse
770 902 912 970 fidei,
969 920 1087 956 esse
1125 903 1296 956 minus
1335 888 1523 974 plenas
1567 908 1619 957 et
1657 910 1872 975 praeter

276 993 533 1064 principis
572 991 767 1045 menda
804 991 1083 1045 innumera
1135 993 1262 1046 satis
1303 1009 1555 1060 magnum
1594 1010 1870 1046 numerum

278 1098 513 1136 errorum
552 1080 838 1135 continere.
882 1099 1045 1149 quare
1085 1082 1327 1154 principe
1367 1082 1512 1135 nisus
1545 1083 1738 1136 multas
1763 1083 1869 1140 lec-

275 1171 447 1225 tiones
485 1170 632 1225 tenui
672 1187 809 1238 quae
847 1171 901 1223 in
938 1171 1211 1224 listeriana
1249 1171 1444 1225 missae
1497 1171 1649 1224 novis
1687 1171 1869 1225 inven-

275 1261 342 1314 tis
381 1266 732 1315 recesserant.
772 1260 1007 1314 nondum
1049 1260 1259 1314 constiti
1298 1276 1472 1330 neque
1512 1260 1657 1329 prius
1695 1259 1873 1314 destiti

277 1366 435 1418 quam
477 1349 842 1418 possedissem
893 1348 1389 1417 humelbergianam
1438 1347 1664 1421 (Tiguri.
1711 1350 1869 1405 1542.

275 1440 326 1493 4.
371 1445 423 1494 et
473 1439 703 1493 Londini
741 1440 882 1493 1705
930 1457 982 1510 p.
1027 1440 1094 1492 M.
1136 1439 1396 1492 Listerum
1451 1444 1503 1492 et
1553 1439 1872 1494 torinianam

275 1528 546 1601 (Basileae
602 1528 759 1583 1541.
800 1530 850 1583 4.
903 1528 1097 1582 Albani
1135 1528 1318 1580 Torini
1366 1527 1549 1599 cura).
1606 1533 1662 1581 at
1714 1546 1872 1596 quam

272 1618 517 1688 improbe
557 1616 813 1686 deceptus
853 1619 995 1671 sum!
1073 1617 1437 1684 Humelbergii
1484 1617 1679 1670 medici
1718 1619 1874 1673 turba

275 1707 676 1761 annotationum
716 1725 822 1760 non
863 1712 943 1761 est
982 1724 1120 1775 quae
1162 1711 1465 1761 contextum
1506 1711 1659 1759 sanet
1699 1712 1751 1760 et
1789 1724 1872 1760 su-

275 1797 412 1851 bitas
469 1797 824 1864 cogitationes
875 1801 1099 1849 tueatur.
1156 1795 1416 1862 coquinac
1473 1795 1573 1848 tiro
1635 1796 1871 1850 editione

273 1886 662 1940 mediolanensi
700 1902 826 1939 usus
869 1890 921 1939 et
955 1885 1142 1939 codice
1167 1884 1526 1953 manuscripto
1557 1902 1713 1951 quem
1744 1903 1870 1953 qua-

274 1976 523 2043 draginta
563 1976 770 2029 circiter
806 1975 940 2028 locis
979 1974 1133 2027 affert
1174 1979 1226 2027 et
1265 1973 1465 2042 aliquot
1498 1974 1661 2027 tacite
1695 1976 1869 2042 sequi-

272 2070 355 2117 tur
392 2065 581 2118 rudem
621 2065 773 2118 nobis
815 2068 1119 2117 contextum
1159 2062 1435 2130 ministrat,
1489 2068 1726 2116 attamen
1772 2080 1868 2135 pro

274 2153 557 2221 evangelio
626 2159 706 2207 est
770 2154 990 2220 vulgata
1052 2169 1210 2218 quam
1263 2154 1531 2219 corrigere
1582 2152 1735 2205 nefas
1787 2153 1868 2206 sit.

272 2242 442 2295 maius
483 2241 733 2295 damnum
771 2243 936 2296 literis
975 2242 1240 2295 intulisset
1274 2241 1458 2294 Torini
1496 2241 1692 2294 medici
1730 2241 1870 2295 fetus

270 2336 630 2400 portentosus,
681 2332 959 2401 (repetitus
998 2330 1248 2399 Lugduni
1289 2330 1477 2383 eodem
1518 2347 1657 2382 anno
1702 2329 1868 2402 1541)

272 2421 317 2474 si
357 2421 531 2489 magis
573 2421 911 2475 circumlatus
966 2425 1124 2474 esset.
1179 2420 1279 2473 iste
1321 2420 1601 2472 circulator
1642 2423 1694 2472 et
1731 2419 1869 2471 frau-

274 2509 432 2563 dator
472 2526 577 2578 ope
619 2510 867 2564 editionis
905 2513 1132 2563 venetae
1166 2508 1382 2561 alterius
1414 2512 1465 2561 et
1492 2506 1693 2561 codicis
1723 2524 1869 2560 mon-

272 2599 538 2667 spelluani
589 2599 837 2667 Apicium
891 2615 919 2652 e
967 2598 1202 2652 tenebris
1252 2597 1452 2651 eruisse
1501 2601 1553 2649 et
1591 2614 1624 2650 a
1661 2596 1869 2651 mendis

271 2687 577 2742 vindicasse
626 2687 855 2755 simulat,
919 2705 985 2741 en
1037 2686 1302 2755 quaedam
1356 2687 1469 2740 eius
1519 2686 1869 2755 praefationis

271 2793 444 2831 vanae
487 2793 643 2848 „cum
681 2808 752 2816 -
792 2777 957 2829 multa
993 2776 1352 2845 Monspessuli
1402 2775 1610 2828 curiose
1649 2791 1869 2842 agerem

276 2871 363 2937 „et
400 2865 801 2921 accuratissime
831 2866 1187 2934 observarem,
1226 2865 1281 2917 in
1309 2865 1484 2917 insula
1510 2864 1626 2918 urbi
1652 2864 1867 2933 propin—
