2066 3276
825 237 925 285 Lib.
958 234 994 282 1.
1055 230 1302 294 Epimeles.
1802 230 1869 288 37

275 374 418 441 lium,
459 373 828 439 malabatrum,
872 371 1119 425 ciminum
1146 369 1462 439 plusculum,
1503 368 1625 436 mel,
1661 373 1872 423 acetum

278 454 330 503 et
356 450 639 515 liquamen.
690 447 885 500 Aliter:
926 452 1097 514 piper,
1144 443 1449 512 ligisticum,
1488 444 1872 513 petrosilinum,

276 528 508 577 mentam
547 523 770 589 siccam,
816 520 1063 575 ciminum
1103 518 1416 589 plusculum,
1467 519 1588 587 mel,
1644 523 1870 585 acetum,

275 598 559 666 liquamen.

389 673 474 725 31.
529 671 964 723 Lasaratum:
1030 669 1174 721 lasar
1224 667 1544 721 cirenaicum
1584 667 1671 720 vel
1710 666 1873 736 parti-

278 762 396 800 cum
448 743 635 813 tepida
688 743 951 808 dissolviS,
1009 759 1127 796 cum
1167 747 1321 795 aceto
1362 741 1631 808 liquamen
1669 748 1872 810 tempe-

276 824 465 873 ratum.
508 819 593 871 vel
633 818 805 887 piper,
846 817 1230 885 petresilinum,
1271 821 1503 869 mentam
1543 815 1758 883 siccam,
1799 816 1873 869 la-

276 893 411 947 saris
451 892 706 959 radicem,
746 892 869 958 mel,
912 895 1138 957 acetum,
1179 890 1465 957 liquamen.
1545 890 1741 943 Aliter:
1795 889 1873 958 pi-

276 985 389 1037 per,
433 983 662 1034 careum,
705 970 936 1032 anetum,
978 964 1360 1034 petresilinum,
1395 967 1627 1017 mentam
1657 964 1872 1030 siccam,

277 1042 395 1108 silfi,
450 1042 648 1107 folium,
702 1040 1069 1106 malabatrum,
1124 1038 1329 1108 spicam
1366 1037 1619 1104 indicam,
1671 1044 1875 1092 costum

277 1116 560 1180 modicum,
602 1115 722 1183 mel,
765 1119 975 1168 acetum
1015 1113 1300 1181 liquamen.

390 1191 477 1244 32.
540 1189 985 1257 Oenogarum
1023 1187 1091 1241 in
1130 1189 1406 1241 tubera:
1466 1186 1638 1256 piper,
1690 1186 1875 1255 ligisti-

280 1281 413 1331 cum,
469 1263 823 1330 coriandrum,
878 1268 1064 1330 rutam,
1117 1262 1404 1329 liquamen,
1454 1261 1560 1314 mel
1609 1266 1661 1314 et
1701 1262 1876 1315 oleum

278 1340 506 1393 modice.
577 1338 770 1391 Aliter:
812 1338 1012 1404 timum,
1042 1337 1345 1403 satureiam,
1372 1335 1543 1406 piper,
1570 1334 1873 1403 ligisticum,

278 1414 399 1480 mel,
440 1411 709 1480 liquamen
750 1417 802 1465 et
842 1413 1032 1465 oleum.

393 1484 1872 1555 33 Oxyp0rumzo1m1n1unoILgingiberisunc.

279 1562 319 1613 I.
363 1567 511 1614 rutae
550 1560 733 1613 viridis
761 1578 878 1614 unc
909 1562 949 1613 Ι.
993 1560 1113 1612 nitri
1134 1550 1402 1627 sciipulos
1426 1559 1514 1611 VI.
1562 1557 1875 1612 dactilorum

279 1636 553 1704 pinouium
580 1635 839 1702 scripulos
863 1635 986 1686 XII.
1017 1633 1217 1701 piperis
1240 1649 1359 1685 unc.
1379 1633 1419 1686 Ι.
1447 1631 1618 1685 mellis
1640 1649 1760 1687 unc.
1777 1634 1871 1685 IX.

283 1710 529 1763 ciminum
583 1713 761 1761 autem
812 1708 1172 1776 aethiopicum
1212 1711 1303 1759 aut
1342 1707 1588 1759 siriacum
1630 1712 1722 1760 aut
1759 1707 1873 1760 libi-

281 1800 397 1837 cum
426 1787 580 1836 aceto
602 1782 875 1849 'infundeS,
909 1782 1055 1835 sicca
1078 1787 1130 1835 et
1163 1781 1240 1834 sic
1263 1780 1471 1834 tundeS.
1495 1785 1688 1849 postea
1716 1783 1874 1835 melle

282 1855 693 1926 conprehendis,
735 1874 854 1911 cum
893 1873 1119 1910 necesse
1159 1855 1332 1921 fuerit,
1377 1855 1617 1922 oxigarO.
1657 1857 1835 1910 uteris,

280 1990 466 2035 Indiens
513 1990 607 2033 alte
655 1988 811 2045 gesch.
859 2002 904 2045 p.
946 1988 1035 2033 384
1124 1988 1249 2032 nulla
1280 1988 1341 2032 sit
1357 1989 1533 2032 mentio
1551 1987 1661 2031 vini.
1696 1987 1754 2032 cf.
1770 1989 1873 2035 309.

277 2050 433 2094 -387,
456 2074 506 2079 —-
528 2049 807 2093 ciminum
832 2061 916 2103 pro
941 2061 1028 2093 cu·
1123 2048 1223 2092 399.
1260 2047 1468 2104 Lampid.
1504 2047 1562 2091 de
1594 2047 1726 2103 Elag.
1760 2049 1833 2092 30.

276 2109 487 2153 minum
519 2121 602 2153 seu
641 2108 931 2165 cyminum
975 2121 1031 2152 ex
1211 2107 1273 2150 ad
1298 2108 1369 2151 33.
1404 2107 1576 2162 repetit
1594 2112 1753 2151 noster
1773 2107 1870 2151 105.

275 2172 409 2224 parte
441 2167 675 2211 librorum.
1122 2191 1172 2196 —-
1196 2167 1287 2209 zin
1302 2166 1398 2222 gib
1423 2166 1544 2210 eris
1573 2166 1618 2209 in
1636 2179 1717 2210 sex
1735 2166 1872 2211 codd.

364 2226 425 2271 ad
456 2227 526 2269 31.
561 2226 920 2277 lasaratum‚
954 2225 1028 2268 la·
1120 2225 1605 2281 —aethiopicum
1637 2239 1721 2280 pro
1754 2225 1872 2270 hio-

276 2298 371 2332 sar
401 2286 623 2329 lasaris
668 2299 752 2341 pro
798 2285 1027 2329 lasera-
1117 2284 1308 2340 picum
1341 2285 1432 2328 iam
1463 2285 1594 2329 Hum.
1619 2297 1733 2328 corr.
1766 2298 1872 2340 pro-

275 2350 390 2389 tum
431 2358 488 2389 ex
532 2345 634 2388 cod.
671 2344 852 2388 salmas.
888 2343 1025 2388 codd.
1118 2344 1191 2387 cul
1224 2344 1370 2388 dubio
1404 2343 1515 2387 olim
1547 2347 1599 2386 ut
1630 2343 1714 2386 105
1745 2343 1872 2398 lega-

274 2404 390 2448 Plin.
437 2404 477 2450 5.
520 2405 594 2450 33.
642 2403 741 2447 Col.
777 2405 846 2454 12,
879 2404 951 2455 59,
984 2403 1023 2446 5.
1116 2402 1255 2446 batur
1277 2414 1344 2446 au
1358 2402 1726 2458 t.hiopicum‚
1748 2402 1872 2447 unde

276 2463 391 2506 Plin.
426 2462 529 2506 Val.
564 2464 606 2512 2.
638 2463 707 2505 46.
743 2463 785 2513 3,
811 2463 850 2505 5.
882 2463 923 2505 6.
957 2463 1025 2505 12.
1117 2460 1244 2504 istud
1291 2460 1580 2516 ‚‚hiopicum“
1624 2462 1752 2505 nasci
1789 2474 1871 2517 po-

276 2547 329 2553 ·—
378 2521 712 2576 liquamine
763 2520 900 2565 codd.
950 2521 1026 2565 vel
1117 2524 1255 2573 terat,
1305 2520 1446 2576 idque
1493 2524 1693 2564 autem
1739 2534 1871 2565 revo-

274 2580 382 2636 lege
436 2584 560 2624 tum
607 2584 790 2623 aceto
823 2579 1025 2635 liqua-
1118 2579 1869 2636 cavipro„vel¹‘.—oxyporo

276 2641 387 2683 min
402 2652 426 2683 e
470 2643 490 2681 t
504 2652 528 2682 e
542 2652 582 2681 m
597 2652 627 2693 p
642 2652 667 2683 e
680 2653 702 2681 r
714 2651 742 2682 a
754 2643 773 2682 t
786 2652 830 2690 o,
873 2644 924 2683 ut
966 2639 1027 2682 sit
1118 2651 1155 2682 e.
1190 2652 1256 2694 pr.
1290 2639 1344 2683 H.
1368 2639 1501 2683 male.
1538 2636 1595 2682 cf.
1619 2638 1714 2682 105.
1749 2639 1870 2683 unde

275 2703 520 2753 „tempora
557 2703 813 2755 oxygaro“.
850 2723 901 2733 .—
946 2712 976 2754 p
991 2698 1025 2742 i·
1117 2698 1256 2742 etiam
1327 2698 1567 2754 supplebis
1631 2697 1867 2749 ‚‚misces“.

274 2772 305 2814 p
318 2771 343 2803 e
356 2772 378 2801 r
410 2757 590 2800 misces.
1117 2757 1222 2801 edd.
1268 2757 1444 2801 habent
1487 2769 1727 2812 „oxyporo
1771 2762 1870 2801 ute-

363 2816 425 2860 ad
455 2816 527 2860 32.
563 2815 919 2871 eleogarum
953 2815 1023 2859 ed.
1117 2817 1209 2859 ris“
1245 2815 1300 2860 cf.
1336 2818 1375 2859 8.
1402 2817 1441 2859 9.
1465 2816 1534 2860 62.
1558 2816 1626 2858 63.
1651 2814 1746 2858 164.
1766 2816 1865 2859 353.

276 2875 430 2921 Torin.
451 2879 498 2920 et
515 2875 693 2920 mavult
708 2875 876 2926 Lister,
902 2875 1028 2933 quod
1117 2874 1218 2920 473.
