2066 3276
694 264 791 311 Lib.
816 265 871 310 V.
936 266 1150 323 Ospreos.
1600 264 1704 320 105

232 402 349 454 193.
393 401 582 454 Pisa.
643 400 822 453 Pisam
864 416 1076 468 coques,
1122 416 1239 453 cnm
1281 397 1715 466 despumaveriS,

114 491 345 543 porrum,
389 475 725 528 coriandrum
766 479 817 528 et
859 474 1105 528 ciminum
1144 490 1306 544 supra
1344 472 1520 526 mittis.
1563 477 1703 527 teres

114 549 283 619 piper,
323 550 607 616 ligisticum
650 549 883 621 [careum
915 547 1017 602 hoc
1047 552 1126 601 est
1155 545 1427 618 caravita],
1471 563 1701 613 careum,

115 628 343 690 anetum,
394 623 618 677 ocimum
671 623 856 689 viride,
918 622 1190 675 suffundes
1241 620 1526 688 liquamen,
1579 620 1702 674 vino

116 701 168 750 et
200 697 490 763 'liquamine
530 698 869 765 temperabis.
911 696 1080 750 facies
1108 701 1164 748 ut
1189 695 1408 748 ferveat.
1453 711 1571 748 cum
1600 695 1702 748 fer-

113 771 299 837 vuerit,
341 771 587 837 agitabis.
629 771 674 823 si
715 771 840 837 quid
881 770 1124 836 defuerit,
1175 768 1348 822 mittes
1398 773 1450 822 et
1487 768 1701 823 inferes

230 846 346 898 194.
389 845 616 898 Pisam
646 845 999 898 farsilem:
1044 845 1258 910 coques,
1288 842 1370 895 cui
1393 843 1567 895 oleum
1590 842 1703 896 mit-

110 919 191 972 tis.
272 918 551 972 Abdomen
594 924 645 972 et
684 918 843 971 mittis
883 918 936 970 in
979 918 1287 983 caccabum,
1343 916 1610 983 liquamen
1652 922 1705 971 et

111 1010 326 1061 porrum
381 993 685 1060 capitatum,
758 992 1091 1046 coriandrum
1145 990 1330 1057 viride,
1385 990 1596 1059 inponis
1648 996 1705 1044 ut

112 1071 381 1133 coquatur.
436 1066 588 1120 isicia
642 1066 841 1119 minuta
892 1065 1059 1119 facies
1110 1064 1372 1132 quadrata
1413 1070 1465 1118 et
1505 1081 1704 1131 coques

109 1140 263 1193 simul
314 1140 497 1194 turdos
549 1142 636 1195 vel
696 1141 931 1194 ancellas
972 1141 1058 1194 vel
1099 1140 1166 1192 de
1206 1139 1351 1207 pullo
1394 1139 1611 1192 concisa
1654 1144 1706 1192 et

113 1215 379 1268 cerebella
419 1232 587 1283 prope
629 1220 781 1269 cocta
825 1230 943 1267 cum
983 1214 1206 1269 iuscello
1251 1229 1464 1279 coques.
1532 1213 1702 1266 Luca-

108 1289 258 1342 nicas
311 1306 476 1342 assas.
556 1290 877 1355 Retasonem
934 1289 1103 1342 elixas
1198 1289 1392 1340 Porros
1449 1304 1515 1340 ex
1563 1303 1704 1354 aqua

110 1363 307 1429 coquis,
397 1364 720 1416 Nucleorum
776 1363 1004 1416 eminam
1057 1362 1225 1429 frigis.
1314 1362 1482 1414 Teres
1531 1361 1702 1429 piper,

107 1436 408 1504 ligisticum,
465 1438 758 1505 origanum,
815 1437 1076 1504 gingiber,
1128 1436 1210 1489 ius
1251 1434 1550 1489 abdominis
1588 1435 1702 1488 fun-

110 1510 207 1577 dis,
248 1510 364 1563 lias.
444 1511 771 1578 Angularem
801 1511 1036 1580 accipies
1070 1543 1136 1548 —
1184 1510 1488 1563 conversari
1527 1513 1706 1578 potest

110 1617 176 1621 —
220 1589 272 1637 et
311 1585 533 1652 omentis
585 1585 740 1652 tegis,
798 1586 973 1638 oleum
1011 1584 1307 1653 profundiS,
1361 1583 1558 1636 deinde
1610 1600 1702 1636 nu-

109 1658 252 1712 cleos
293 1659 538 1726 aspargis
581 1664 632 1712 et
672 1676 832 1727 supra
871 1659 1042 1729 pisam
1083 1658 1262 1725 mittis,
1304 1662 1360 1709 ut
1399 1661 1554 1725 tegas
1588 1657 1702 1709 fun-

107 1732 230 1784 dum
273 1733 543 1799 angularis
587 1738 639 1786 et
677 1733 752 1785 sic
797 1732 1055 1801 conponis
1084 1749 1247 1802 supra
1279 1732 1554 1800 petasonis
1588 1732 1701 1802 pul-

104 1823 221 1874 paS,
265 1823 469 1876 porros,
511 1807 782 1861 lucanicas
812 1807 1069 1861 concisas.
1105 1808 1293 1860 iterum
1320 1805 1493 1873 pisam
1520 1822 1701 1877 super-

104 1880 282 1933 mittis.
325 1880 450 1933 item
491 1882 706 1935 alternis
749 1881 961 1952 aptabis
1004 1881 1243 1949 obsonia,
1294 1896 1569 1948 quousque
1608 1880 1701 1933 im-

950 2014 1173 2069 pullinam
1217 2019 1265 2058 ct
1308 2012 1552 2064 cerebella,
1599 2026 1701 2057 aro-

950 2079 1077 2117 mata
1109 2073 1240 2117 adice
1273 2074 1406 2129 piper
1437 2073 1611 2123 tritum,
1649 2073 1701 2116 li-

104 2014 322 2057 riutam
356 2014 458 2057 cod.
476 2012 597 2057 hum.
628 2015 748 2058 unde
766 2028 858 2058 me·

106 2073 236 2116 dicus
301 2073 486 2128 scripsit
550 2087 574 2117 c
586 2086 646 2116 ar
660 2088 683 2118 e
700 2080 800 2118 ota
813 2088 856 2117 m

105 2132 162 2176 de
196 2132 351 2176 radice
385 2132 505 2176 carei
532 2145 649 2188 quae
670 2138 858 2177 carecta

105 2197 298 2235 vocetur
330 2191 638 2246 interpretans
673 2198 719 2236 ct
742 2193 856 2236 alte-

104 2264 202 2293 rum
228 2263 409 2294 careum
429 2250 486 2294 de
504 2251 709 2295 eiusdem
727 2252 856 2307 plan-

106 2314 181 2353 tae
214 2310 400 2353 semine.
436 2323 524 2365 ego
558 2310 699 2354 malui
732 2311 856 2354 unci-

103 2369 173 2411 nis
195 2368 450 2413 secludere.
484 2367 539 2412 cf.
562 2369 628 2412 74.
651 2395 703 2401 —
725 2384 751 2413 o
770 2383 856 2427 cy-

104 2441 246 2470 mum
280 2427 351 2471 ed.
385 2441 452 2483 pr.
487 2428 542 2470 H.

192 2485 253 2528 ad
289 2485 386 2529 194.
451 2487 518 2530 sic
549 2487 747 2542 imperat
780 2501 855 2531 co-

104 2558 245 2599 quus:
278 2545 425 2599 pisam
458 2549 510 2589 ut
542 2558 764 2589 summam
790 2547 856 2590 rei

104 2616 160 2645 ex
193 2603 298 2646 oleo
333 2616 479 2658 coque
511 2604 556 2646 in
588 2617 699 2648 vase
723 2617 855 2660 sepa-

103 2666 220 2712 rato,
262 2662 371 2705 item
414 2663 459 2704 in
503 2668 721 2717 separato
757 2676 855 2707 cac-

104 2721 221 2764 cabo
255 2721 485 2764 abdomen
513 2735 568 2765 ex
591 2722 854 2778 liquamine.

103 2793 258 2834 porro,
309 2780 568 2831 coriandro,
627 2781 853 2837 simulque

102 2838 282 2881 isiciola
332 2839 603 2882 tessellatim
654 2841 852 2892 concisa,

104 2898 265 2941 turdos
308 2898 382 2942 vel
426 2899 629 2943 ancellas
662 2899 851 2955 pulpam

948 2133 1196 2188 gusticum‚
1216 2134 1458 2188 origanum
1471 2132 1698 2188 gingiber.

949 2193 1116 2237 deinde
1149 2204 1255 2235 assa
1288 2192 1534 2242 lucanicas‚
1579 2191 1701 2236 elixa

947 2256 1245 2307 petasonem,
1309 2264 1456 2307 coque
1518 2264 1700 2306 porros,

947 2310 1066 2366 frige
1099 2311 1301 2355 nucleos.
1337 2315 1434 2354 tum
1466 2310 1511 2353 in
1530 2309 1699 2354 formu-

947 2370 1007 2420 la,
1055 2375 1304 2425 postquam
1362 2370 1459 2413 eius
1506 2367 1698 2413 fundum

948 2429 1145 2472 omentis
1193 2428 1376 2479 texisti,
1431 2428 1582 2471 oleum
1630 2426 1698 2471 fu-

948 2487 1058 2530 disti
1108 2491 1155 2531 et
1206 2487 1396 2530 nucleos
1443 2487 1697 2541 aspersisti,

948 2551 1132 2590 exstrue
1173 2559 1400 2589 massam:
1444 2546 1591 2601 primo
1631 2547 1689 2601 pi·

948 2618 1044 2648 sam
1064 2609 1243 2649 coctam
1262 2606 1409 2656 mitte,
1442 2618 1579 2660 super
1595 2617 1697 2649 eam

948 2677 1173 2719 compone
1237 2665 1475 2719 petasonis
1538 2664 1698 2708 elixati

913 2724 1125 2778 ‚pulpas‚
1168 2736 1332 2778 porros
1366 2728 1538 2768 coctos
1573 2723 1696 2767 luca-

943 2783 1071 2826 nicas
1130 2787 1312 2826 assatas
1371 2787 1418 2826 et
1472 2783 1695 2833 concisas,

943 2842 1109 2885 iterum
1138 2842 1286 2897 pisam
1305 2842 1578 2897 supermitte
1596 2846 1695 2884 tan-

944 2913 1081 2957 quam
1099 2913 1267 2945 novam
1289 2904 1554 2952 straturam,
1588 2900 1694 2945 dein
