2066 3276
717 246 815 292 Lib.
851 245 952 290 VII.
1015 243 1253 289 Politeles.

1620 200 1622 202 ’
1680 237 1785 293 135

312 384 435 436 265.
493 385 769 440 Ofellas
811 381 1204 438 Ostienses:
1246 381 1299 433 in
1340 376 1554 431 obillam
1608 374 1784 442 desig-

196 475 329 511 nans
371 460 560 513 ofellas
599 461 776 514 incute
814 459 888 512 ita
927 463 982 510 ut
1025 457 1156 510 cutis
1197 454 1272 508 sic
1311 457 1601 507 remaneat.
1643 457 1786 506 teres

198 532 370 600 piper,
412 536 713 602 ligisticum,
756 538 987 599 anetum,
1032 531 1295 594 ciminum,
1347 528 1552 594 silfium,
1596 528 1786 581 bacam

195 607 328 659 lauri
369 627 549 674 unam,
591 608 850 662 suffundis
889 607 1176 673 liquamen,
1226 604 1403 656 fricas
1458 602 1513 654 in
1566 603 1785 669 angula-

194 697 307 734 rem
347 683 586 736 refundis
626 683 783 736 simul
824 699 941 735 cum
983 680 1172 733 ofellis.
1219 678 1307 730 ubi
1344 677 1701 743 requieverint
1733 677 1786 729 in

197 756 549 811 condimentis
588 756 750 810 biduo
793 757 880 810 vel
920 754 1111 820 triduo,
1165 751 1382 821 promiS,
1438 751 1641 804 surclas
1696 750 1787 804 de-

198 831 419 885 cusatim
474 830 616 884 etin
669 830 878 883 furnum
931 829 1108 882 mittis.
1163 844 1281 881 cum
1335 825 1546 879 coxeris
1600 823 1788 879 ofellas

197 920 328 972 quas
369 905 739 958 destinaveras
780 902 1171 972 separabis.'et
1209 906 1352 954 teres
1386 899 1559 969 piper,
1601 898 1786 967 ligisti-

196 996 330 1045 cum,
393 978 653 1032 suffundis
693 979 960 1045 liquamen
1022 981 1075 1030 et
1129 992 1348 1044 passum
1408 972 1675 1027 modicum
1734 978 1790 1026 ut

196 1118 253 1157 to
315 1112 499 1168 legitur,
564 1125 682 1167 quae
742 1112 946 1156 varietas

197 1172 336 1216 etiam
371 1172 455 1214 112
500 1175 546 1215 et
578 1171 773 1216 Varron.
810 1172 859 1214 L.
894 1171 945 1214 L.

196 1232 237 1282 5,
271 1232 327 1274 22
361 1244 403 1286 p.
441 1230 537 1273 116.
584 1231 661 1275 ubi
699 1243 947 1286 augumen-

196 1295 292 1334 tum
311 1291 355 1333 in
374 1294 571 1344 utroque
600 1291 736 1345 paris.
764 1290 948 1333 videtur

195 1354 508 1404 magmentum
542 1362 658 1401 esse,
702 1348 948 1404 pinguissi-

196 1423 317 1452 mum
365 1409 632 1452 intestinum
674 1409 749 1453 vel
794 1413 948 1452 extum

196 1469 353 1523 sicque
388 1467 572 1511 differre
590 1467 649 1511 ab
669 1473 856 1512 omento
874 1467 947 1510 40.

195 1526 267 1570 43.
313 1528 411 1570 292.
476 1526 590 1570 Iahn
633 1528 844 1583 prolegg.
888 1526 949 1569 ad

196 1587 327 1630 Pers.
358 1600 400 1640 p.
426 1585 592 1629 XVIII.
612 1586 734 1630 XIX.
756 1612 809 1617 —
831 1598 945 1642 gra-

198 1645 293 1688 tic.
328 1649 430 1695 ῥ’θκ.
465 1646 562 1688 261.

287 1704 347 1747 ad
372 1704 470 1747 265.
506 1703 703 1748 Ofella
736 1717 836 1747 cum
868 1717 948 1747 no-

198 1763 318 1806 mine
363 1763 637 1807 detruncato
675 1763 782 1813 offa,
828 1762 947 1806 unde

199 1822 343 1866 offula
406 1821 614 1877 (Sueton.
665 1822 825 1866 Claud.
875 1821 946 1865 40.

196 1881 397 1925 Macrob.
443 1886 531 1925 sat.
569 1883 609 1932 7,
642 1881 683 1932 8,
715 1882 756 1924 4.
803 1882 844 1931 3,
882 1882 949 1931 17,

199 1941 268 1983 11.
304 1954 405 1984 cum
438 1940 618 1984 duabus
651 1940 792 1984 costis
817 1940 948 1983 Varr.

199 2001 239 2050 2,
272 1999 314 2050 4,
350 2001 418 2046 11.
466 2001 614 2044 carnis
658 2000 831 2043 Colum.
880 2000 949 2049 12,

196 2059 265 2107 55,
313 2058 353 2100 4.
391 2058 468 2106 al.)
505 2059 712 2103 eiusdem
746 2058 949 2102 familiae

194 2118 380 2161 videtur
424 2118 551 2162 cuius
594 2118 803 2162 sanserit.
850 2131 949 2162 ver-

194 2177 301 2220 bum
334 2177 430 2231 pall
465 2190 566 2220 cum
600 2177 847 2233 participio
866 2190 946 2232 pu-

194 2235 277 2286 las,
311 2249 463 2291 graec.
500 2238 602 2288 φίλα
622 2242 668 2281 et
691 2237 830 2288 (ρέλλα,
849 2237 948 2280 sine

195 2295 479 2350 aspiratione
500 2297 603 2335 πέλα
621 2300 668 2339 et
687 2296 830 2344 πέλλα,
848 2297 944 2345 βῶ-

196 2355 266 2399 λος
297 2353 448 2404 bolus,
487 2354 609 2407 unde
641 2354 739 2398 boll
773 2358 820 2398 et
852 2354 947 2397 ball

195 2416 243 2455 et
286 2416 358 2456 est
401 2411 496 2457 fere
528 2413 698 2469 globus
730 2412 947 2468 globulus

194 2470 269 2514 vel
303 2471 551 2523 orbiculus,
603 2472 774 2525 „offula
805 2472 947 2526 parti-

195 2530 298 2573 cula
331 2543 358 2572 a
391 2530 680 2574 rotunditate
719 2530 944 2574 collecta“

193 2588 503 2632 Hildebrandi
537 2589 741 2634 Glossar.
777 2603 825 2645 p.
847 2590 946 2632 226.

195 2648 241 2690 in
276 2661 527 2703 coquorum
556 2648 716 2705 lingua
744 2661 852 2703 pars
872 2648 948 2692 de-

195 2706 380 2750 licatior
412 2708 506 2751 suis
538 2712 620 2751 aut
659 2708 795 2751 bovis
839 2707 948 2759 (Ma-

196 2766 321 2809 crob.
369 2767 408 2816 7,
453 2767 494 2817 8,
527 2767 572 2818 4)
622 2764 772 2810 forma
818 2766 947 2822 globi

196 2824 405 2868 abscissa
447 2825 520 2868 vel
569 2825 614 2867 in
663 2838 763 2868 eam
812 2838 948 2868 manu

198 2884 370 2936 efficta,
404 2883 599 2930 frustum
625 2885 831 2929 dentium
864 2884 948 2928 Isi-

1039 1109 1136 1152 dor.
1174 1109 1245 1160 20,
1279 1108 1321 1158 2,
1354 1107 1425 1151 26.
1468 1106 1593 1162 quod
1626 1106 1790 1162 abseg-

1038 1182 1141 1212 men
1175 1168 1411 1212 conditum
1442 1170 1489 1210 et
1509 1170 1691 1210 coctum
1709 1179 1790 1209 no-

1039 1232 1136 1272 stro
1169 1227 1327 1271 edulio
1359 1226 1475 1270 haut
1492 1226 1702 1270 absimile
1720 1228 1792 1269 est

1041 1287 1114 1330 cui
1145 1300 1311 1331 nomen
1335 1284 1790 1335 fleischkloesschen,

1040 1346 1313 1402 kra-epflein,
1346 1346 1390 1389 in
1419 1345 1698 1400 simpliciore
1717 1357 1792 1388 cu·

997 1425 1009 1442 ι
1040 1406 1136 1449 lina
1184 1406 1277 1449 cito
1338 1405 1640 1460 coquebatur,
1697 1403 1791 1447 Ma-

1042 1465 1165 1509 crob.
1213 1466 1253 1514 7,
1285 1465 1327 1515 8,
1359 1463 1400 1507 4.
1447 1463 1551 1507 coll.
1591 1461 1791 1507 Martial.

1042 1525 1111 1574 12,
1144 1524 1216 1575 48,
1251 1524 1319 1566 17.
1364 1523 1409 1566 in
1454 1523 1676 1566 craticula
1719 1536 1792 1566 su-

1042 1584 1124 1627 dat
1151 1595 1223 1638 ap.
1258 1582 1455 1626 Martial.
1478 1583 1547 1633 14,
1566 1582 1666 1624 221.
1699 1595 1790 1625 non

1042 1656 1180 1695 egere
1223 1641 1344 1686 ferro
1393 1641 1637 1685 structoris
1681 1641 1794 1684 dicit

1043 1702 1112 1752 10,
1145 1702 1216 1753 48,
1252 1702 1319 1744 15.
1376 1701 1611 1745 difficilior
1642 1713 1792 1755 neque

1041 1761 1197 1805 subita
1242 1765 1314 1805 est
1356 1759 1512 1816 Apici.
1556 1760 1616 1803 ad
1650 1760 1790 1803 offam

1039 1820 1244 1876 penitam
1277 1819 1433 1863 Blauti
1463 1820 1558 1863 Mil.
1593 1819 1718 1864 Glor.
1749 1819 1791 1870 3,

1043 1882 1082 1930 1,
1128 1880 1227 1923 164.
1273 1878 1329 1923 cf.
1375 1879 1496 1923 Fest.
1541 1880 1587 1922 in
1626 1891 1790 1932 penem

1040 1943 1088 1982 et
1119 1937 1300 1982 Arnob.
1347 1939 1387 1988 7,
1421 1938 1489 1980 24.
1534 1938 1580 1981 in
1614 1937 1791 1981 deliciis

1040 1997 1186 2042 fuisse
1218 2003 1406 2053 praeter
1438 2010 1519 2041 eos
1553 1997 1683 2041 locos
1712 1996 1791 2039 alii

1040 2061 1272 2101 testantur
1319 2070 1393 2111 ap.
1427 2056 1671 2112 Bulenger.
1721 2055 1792 2099 De

1040 2117 1219 2160 conviv.
1256 2117 1297 2168 2,
1332 2116 1400 2160 18.
1444 2115 1502 2159 de
1545 2115 1638 2158 alio
1678 2114 1791 2158 offa-

1039 2189 1137 2218 rum
1200 2189 1370 2229 genere
1433 2188 1533 2218 cum
1591 2173 1788 2218 turunda

1041 2235 1354 2290 comparando
1373 2234 1498 2277 alibi.
1521 2260 1572 2263 —
1604 2247 1631 2277 ο
1646 2233 1789 2277 tien-

1040 2307 1136 2338 ses
1164 2291 1260 2347 βγδ.
1295 2293 1497 2337 ociens
1518 2306 1577 2336 es
1603 2295 1705 2335 θκπ,
1725 2292 1792 2335 sic

1039 2352 1098 2396 ab
1142 2352 1234 2396 alio
1275 2352 1381 2395 loco
1428 2351 1666 2395 luxurioso
1709 2364 1790 2405 pu-

1039 2411 1253 2455 teolanas
1286 2411 1436 2454 dictas
1469 2410 1614 2454 habes
1645 2410 1690 2453 in
1715 2423 1790 2453 ve—

1039 2474 1138 2514 tere
1195 2470 1410 2514 lemmate
1466 2469 1628 2513 Caton.
1692 2469 1788 2511 162.

1041 2530 1328 2585 tarpeianum
1362 2529 1528 2573 aedum
1550 2527 1669 2572 infra
1687 2528 1788 2571 367.

1040 2614 1093 2620 ——
1131 2588 1387 2632 obillam
1431 2586 1521 2632 feci
1561 2601 1617 2632 ex
1650 2587 1789 2631 libro-

1039 2662 1138 2691 rum
1173 2646 1440 2698 ofillam,
1474 2645 1583 2691 off.
1618 2659 1703 2690 os.
1743 2650 1790 2689 et

1039 2707 1230 2751 verbum
1263 2706 1466 2750 incute
1497 2719 1582 2762 pro
1615 2706 1671 2749 in
1705 2718 1789 2748 cu-

1039 2770 1109 2810 te.
1147 2791 1199 2795 *-
1235 2765 1522 2820 designas
1555 2764 1626 2809 ed.
1646 2777 1711 2819 pr.
1731 2763 1786 2806 H.

1040 2824 1166 2868 obba
1208 2822 1322 2867 facit
1364 2824 1508 2867 obilla
1549 2827 1602 2866 ut
1642 2822 1789 2866 bucca

1039 2883 1235 2928 buccula
1308 2882 1512 2934 bucella,
1590 2894 1789 2928 mamma
