2066 3276
336 243 405 298 76
852 242 951 288 Lib.
986 244 1062 290 IV.
1106 243 1383 290 Pandectes.

336 383 484 438 cinos
527 401 594 438 ex
630 383 745 436 iure
783 382 1042 435 terentino
1077 381 1267 443 farSOS‚
1310 386 1489 435 coctos
1520 382 1779 449 concisos,
1808 384 1926 437 isci-

334 476 466 513 nera
517 459 796 528 pullorum,
849 458 1043 526 pulpas
1095 456 1258 527 piscis
1311 458 1465 510 aselli
1517 457 1671 524 fricti,
1731 460 1927 513 urticas

337 533 587 600 marinaS,
628 533 823 602 pulpas
858 531 1203 584 hostreorum.
1249 547 1437 585 033003
1469 538 1729 587 recentes.
1774 535 1927 587 alter-

335 607 416 660 nis
458 623 730 677 conponcs
784 606 1002 658 nucleos
1053 610 1105 658 et
1155 606 1310 675 piper
1347 605 1612 673 integrum
1651 624 1926 693 asparges,

334 680 415 734 ius
467 681 575 734 tale
627 678 948 750 perfundes·
1002 679 1175 749 piper,
1229 679 1530 746 ligisticum,
1586 682 1687 753 api,
1729 698 1927 745 semen,

335 755 469 829 silfi
496 771 709 821 coques.
754 758 809 806 at
847 753 936 806 ubi
977 759 1128 806 cocta
1166 753 1339 820 fuerit,
1393 756 1587 808 lactem
1630 756 1793 821 00133,
1848 756 1929 808 0111

336 797 501 882 cruda
555 846 656 882 ova
698 827 1008 894 0000113003,
1063 832 1120 880 ut
1158 844 1318 880 unum
1362 846 1553 900 corpus
1592 829 1698 882 fiat.
1755 835 1807 883 et
1846 846 1927 882 su-

333 920 432 973 per
468 903 563 956 illa
603 903 780 956 omnia
818 901 1126 987 perfundes·
1154 919 1270 956 cum
1307 909 1461 956 cocta
1491 903 1665 970 fuerit,
1710 903 1928 957 echinos

333 978 673 1032 recentiores,
715 977 870 1048 piper
909 976 1156 1047 aspargis
1198 982 1250 1030 et
1287 976 1501 1031 inferes.

449 1053 568 1105 134.
610 1053 928 1105 Patinam
970 1051 1366 1120 apicianam
1394 1052 1470 1105 sic
1498 1052 1693 1106 facies:
1735 1051 1930 1106 frustra

334 1127 551 1180 suminis
593 1127 746 1192 cocti,
787 1126 981 1196 pulpas
1021 1125 1261 1194 piscium,
1315 1127 1507 1197 pulpas
1546 1127 1695 1197 pulli,
1750 1127 1928 1181 ficetu-

332 1201 414 1254 las
452 1201 540 1255 vel
578 1206 801 1272 pectora
839 1198 1109 1252 turdorum
1151 1204 1305 1253 cocta
1355 1205 1406 1254 et
1445 1218 1794 1268 quaecunque
1839 1218 1930 1272 op-

335 1349 443 1403 napi
488 1347 590 1392 Col.
633 1348 703 1398 12,
743 1347 813 1398 57,
858 1348 899 1391 2.
942 1348 1089 1392 imber

337 1413 408 1452 est
441 1420 563 1462 aqua
596 1407 818 1451 imbrialis
862 1420 895 1450 s.
933 1407 1089 1451 cister-

334 1468 444 1511 nina
475 1467 546 1510 45.
591 1468 859 1522 priusquam
893 1466 1090 1510 edantur

337 1539 459 1582 aqua
492 1526 647 1570 calida
665 1526 968 1570 macerandos
989 1540 1089 1571 esse

335 1590 536 1636 constat,
570 1600 627 1630 ne
658 1585 963 1630 ventriculum
996 1586 1089 1630 lae-

335 1646 460 1689 dant.
506 1670 565 1676 —
607 1646 879 1689 mediana
921 1646 1088 1696 media,

336 1705 571 1749 dimidiam
604 1709 800 1760 partem.
850 1729 902 1734 —
955 1705 1087 1749 olus

335 1765 522 1809 mol‘le
555 1765 626 1808 97
647 1790 698 1794 ——
720 1764 932 1820 etjure
952 1764 1085 1808 codd

337 1822 393 1868 cf.
427 1823 488 1867 ad
522 1823 591 1866 54.
628 1848 680 1853 ——
729 1828 995 1878 carptum
1038 1828 1090 1867 ut

335 1883 435 1927 251.
470 1896 631 1938 scripsl
651 1896 735 1937 pro
769 1887 1011 1952 raptum.
1033 1908 1088 1915 —

336 1942 577 1986 lucania
619 1942 829 1986 lucanica
872 1942 1003 1985 isicia
1052 1956 1085 1986 s.

338 2000 591 2046 farcimina.
642 2002 708 2045 sic
764 2002 977 2045 numidus
1018 2006 1089 2045 est

333 2062 592 2105 numidicus
625 2061 725 2104 242.
754 2062 915 2105 medus
947 2061 1090 2105 medi-

335 2134 429 2172 cus,
475 2120 663 2165 colchus
707 2120 958 2164 colchicus.
1003 2121 1089 2163 ita-

336 2180 408 2223 lus
442 2180 646 2230 italicus,
694 2180 856 2236 illyrus
895 2179 1087 2235 illyrius,

334 2239 505 2283 arabus
538 2239 750 2282 arabicus
783 2252 857 2293 ap.
879 2238 995 2281 Plin.
1016 2239 1087 2289 36,

336 2298 432 2341 153.
472 2298 649 2353 Gargil.
678 2311 756 2341 cur
786 2298 926 2341 boum
960 2302 996 2350 ξ.
1016 2298 1084 2340 23.

338 2356 395 2400 cf.
445 2357 583 2400 Fabri
627 2357 687 2399 ad
743 2357 841 2400 Liv.
901 2357 972 2407 21,
1015 2357 1085 2407 53,

335 2416 403 2458 11.
438 2415 676 2460 Weichert
708 2416 769 2458 ad
800 2416 984 2459 Poetar.
1005 2415 1086 2458 lat.

334 2475 463 2530 reliq.
514 2489 557 2529 p.
619 2475 722 2518 322.
772 2478 868 2520 not.
927 2474 1089 2530 Reisig

334 2532 488 2577 Schol.
525 2533 601 2578 Gr.
637 2533 716 2576 lat.
751 2538 789 2585 ξ.
814 2534 910 2577 109.
930 2533 1087 2576 malim

332 2596 487 2636 tamen
521 2592 831 2635 lucanicas
867 2591 963 2634 194.
985 2592 1083 2635 207.

333 2651 434 2694 181.
483 2650 552 2694 56.
600 2654 791 2694 mutes
840 2664 954 2694 corr.
999 2664 1083 2705 pro

329 2710 540 2753 mittes
598 2710 697 2753 116.
746 2708 1084 2764 longaones

331 2769 466 2812 codd.
502 2769 883 2823 longanones
916 2768 988 2811 ed.
1015 2781 1084 2823 pr.

328 2828 384 2870 H.
419 2827 562 2883 longa
593 2827 826 2877 intestina,
875 2827 1082 2882 Ducang.

333 2886 486 2932 Gloss.
522 2885 599 2930 IV.
635 2899 681 2942 p.
716 2885 814 2928 146.
850 2885 991 2935 Ooelli
1023 2885 1084 2929 ad

1180 1347 1359 1392 Arnob.
1407 1349 1447 1399 7,
1489 1347 1547 1391 24
1587 1362 1629 1403 p.
1674 1348 1774 1391 422.
1816 1348 1930 1392 Diez

1181 1410 1290 1453 Lex.
1326 1408 1368 1451 d.
1402 1421 1516 1451 rom.
1551 1421 1640 1463 spr.
1684 1409 1783 1452 507.
1829 1409 1929 1452 508.

1180 1471 1398 1512 terent.
1442 1471 1488 1511 et
1530 1471 1747 1511 tarent.
1794 1468 1930 1512 codd.

1182 1531 1229 1571 et
1263 1528 1358 1570 172.
1397 1527 1492 1570 173.
1529 1526 1583 1569 cf.
1611 1527 1726 1570 illud
1759 1527 1931 1583 apode-

1179 1587 1326 1630 rinum
1347 1586 1415 1630 53.
1451 1611 1504 1616 —
1538 1587 1716 1630 aselli
1749 1587 1928 1634 om.ed.

1180 1660 1249 1701 pr.
1285 1671 1338 1675 —
1374 1659 1430 1690 ex
1467 1646 1487 1692 ζ
1521 1646 1675 1689 malim
1709 1645 1929 1690 frictas

1182 1704 1237 1749 cf.
1289 1706 1385 1748 135.
1434 1704 1815 1750 hostreorum
1875 1719 1931 1750 ex

1179 1767 1244 1816 [39
1281 1778 1365 1820 pro
1409 1768 1550 1808 ostr.
1599 1766 1668 1809 12.
1716 1765 1930 1819 pulpas

1180 1837 1339 1868 carnes
1412 1823 1578 1867 molles
1656 1823 1930 1881 sphondylis

1181 1883 1363 1934 demtis,
1380 1883 1711 1938 mantellappe,
1734 1896 1824 1939 qua
1840 1896 1932 1927 una

1179 1947 1313 1998 parte
1346 1942 1500 1986 adhuc
1520 1948 1769 1986 vescuntur
1786 1943 1931 1987 homi·

1179 2015 1259 2045 003
1301 2002 1484 2045 subtilis
1529 2002 1689 2057 palati,
1734 2003 1829 2045 151.
1874 2001 1929 2046 cf.

1181 2061 1296 2104 Plin.
1317 2062 1389 2111 32,
1409 2062 1478 2105 61.
1514 2062 1616 2105 coll.
1637 2062 1767 2104 Mart.
1800 2063 1839 2112 7,
1858 2062 1930 2112 20,

1183 2121 1311 2163 7.—
1355 2124 1414 2163 at
1456 2119 1608 2174 ydad
1650 2121 1839 2171 β3οζ.
1874 2124 1932 2164 et

1179 2179 1521 2235 vulgo—lac
1540 2180 1610 2224 ed.
1646 2194 1711 2234 pr.
1742 2180 1796 2222 H.
1816 2180 1929 2223 lac-

1179 2243 1240 2282 te
1274 2239 1303 2286 ζ.
1339 2238 1434 2281 130
1565 2239 1728 2282 00133
1761 2237 1786 2277 ὃ
1828 2252 1928 2282 cum

1179 2298 1359 2341 lacuna.
1395 2296 1587 2341 fuerit
1620 2311 1675 2340 cx
1700 2302 1755 2351 βγ
1772 2298 1842 2341 ed.
1862 2311 1927 2352 pr.

1178 2370 1262 2411 pro
1296 2355 1535 2400 fuerint.
1558 2382 1612 2387 —
1643 2356 1855 2400 echino
1883 2361 1930 2401 et

1180 2415 1387 2460 ethino
1422 2415 1559 2459 codd.
1593 2417 1766 2460 urticae
1796 2416 1928 2459 desu-

1177 2488 1263 2530 per
1296 2479 1633 2528 componuntur
1666 2476 1765 2517 132.

1267 2534 1328 2576 ad
1363 2533 1460 2575 134.
1496 2532 1694 2576 frusta
1727 2534 1839 2581 Ced.
1859 2546 1925 2587 pr.

1176 2592 1231 2634 H.
1281 2593 1349 2635 63.
1402 2592 1458 2635 de
1506 2593 1681 2635 sumine
1724 2592 1785 2635 ad
1827 2592 1926 2634 261.

1178 2663 1288 2694 ova
1327 2649 1515 2706 frangis.
1559 2677 1612 2681 —
1653 2651 1722 2694 ad
1754 2650 1852 2694 ubi
1882 2655 1926 2701 β.

1178 2711 1277 2753 133.
1326 2709 1560 2754 levabis
1607 2710 1666 2754 ab
1713 2710 1832 2765 igne.
1867 2733 1926 2739 -—

1175 2769 1241 2812 sic
1259 2781 1374 2812 corr.
1398 2782 1483 2823 pro
1507 2767 1785 2812 refundes
1807 2780 1925 2811 cum

1174 2828 1294 2882 pip.
1328 2839 1523 2880 grana.
1558 2827 1619 2870 ad
1655 2840 1723 2881 „p.
1751 2829 1922 2881 grana“

1174 2885 1338 2941 supple
1390 2886 1575 2939 „mitte“
1621 2885 1678 2928 54
1733 2898 1767 2929 s.
1821 2885 1925 2938 „ad-
