2066 3276
641 258 740 303 Lib.
758 258 835 301 IV.
886 257 1158 301 Pandectes.
1629 258 1695 308 77

107 394 234 446 tima
272 392 479 445 fuerint.
522 392 657 444 haec
706 391 885 443 omnia
925 390 1177 443 concides
1219 390 1503 456 diligenter
1543 405 1700 458 prae-

106 474 186 519 ter
234 466 488 532 ficetulas‚
545 484 646 518 ova
693 483 819 518 vero
863 464 1044 531 cruda,
1101 482 1219 529 cum
1274 467 1391 516 oleo
1434 462 1697 515 dissolvis,

108 546 250 594 teres
290 541 459 610 piper,
500 539 802 606 ligisticum‚
853 538 1126 591 suffundes
1164 539 1449 605 liquamen,
1501 536 1697 602 vinum,

107 631 325 685 passum
366 620 418 666 et
454 615 510 666 in
550 615 839 666 caccabum
880 612 1038 664 mittis
1077 617 1133 663 ut
1174 612 1386 665 calefiat
1433 616 1485 664 et
1523 610 1698 662 amolo

107 689 330 754 obligas
373 693 532 740 antea
563 693 742 739 tamen
783 687 974 756 pulpas
1003 687 1245 738 concisas
1274 686 1549 737 universas
1576 685 1700 737 illuc

106 763 283 815 mittes
337 767 388 813 et
436 763 510 814 sic
564 761 746 813 bulliat
803 765 857 812 at
896 760 984 812 ubi
1025 764 1231 812 coctum
1269 759 1442 825 fuerit,
1494 758 1700 811 levabis

108 853 224 889 cum
265 836 376 889 iure
418 852 512 888 suo
568 839 620 887 et
670 835 724 885 in
766 834 1016 904 patellam
1059 833 1275 886 alternis
1316 833 1384 885 de
1425 833 1581 884 trulla
1619 849 1699 884 re-

105 910 268 961 funde
309 910 508 975 sicium,
558 907 757 978 piperis
811 924 980 974 grana
1030 906 1242 973 integra
1291 912 1343 959 et
1381 907 1583 959 nucleis
1622 905 1699 976 pi-

105 984 238 1050 neiS,
279 984 353 1035 ita
394 989 447 1034 ut
484 999 581 1053 per
621 982 833 1048 singula
867 981 1013 1033 coria
1046 983 1353 1034 substernas
1389 980 1698 1050 diploidem,

107 1057 230 1110 dein
282 1057 535 1124 laganum
587 1057 840 1108 similiter.
893 1059 1149 1123 quotquot
1198 1056 1397 1122 lagana
1437 1054 1698 1125 posueriS,

105 1136 181 1184 tot
219 1132 402 1184 trullas
441 1131 632 1201 inpleS‚
675 1129 907 1200 desuper
947 1129 1167 1182 adicies,
1209 1146 1368 1181 unum
1397 1146 1523 1182 vero
1550 1129 1700 1195 laga-

106 1222 225 1263 num
279 1206 453 1258 fistula
505 1204 770 1276 percuties
820 1209 872 1256 et
923 1220 1084 1273 super
1122 1204 1366 1273 inpones.
1422 1203 1577 1274 piper
1617 1219 1699 1256 as-

107 1296 319 1351 parges
362 1284 486 1332 ante
524 1285 703 1332 tamen
741 1278 859 1330 illas
894 1279 1087 1348 pulpas
1112 1280 1225 1331 ovis
1255 1277 1540 1331 confractis
1572 1277 1700 1331 obli-

108 1355 261 1421 gabis
303 1359 355 1407 et
394 1355 470 1407 sic
506 1357 561 1405 in
589 1354 873 1406 saccabum
900 1353 1091 1419 mitteS,
1133 1358 1241 1404 tum
1267 1353 1565 1423 inpensam.
1606 1368 1700 1422 pa-

108 1429 286 1481 tellam
329 1427 587 1499 [aeneam]
645 1427 854 1493 qualem
895 1425 1062 1479 debes
1103 1426 1301 1480 habere
1348 1427 1488 1479 infra
1527 1431 1700 1479 osten-

109 1501 277 1555 datur.

224 1575 342 1628 135.
384 1575 632 1627 Patina
675 1574 1053 1628 catillana:
1106 1574 1341 1644 accipies
1381 1574 1576 1627 frustra
1615 1589 1699 1626 su-

106 1650 260 1703 minis
315 1654 483 1715 cocta,
544 1650 735 1719 pulpas
789 1648 1011 1718 piscium
1065 1655 1265 1715 coctas,
1326 1649 1518 1720 pulpas
1572 1648 1703 1717 pulli

108 1729 303 1778 coctas,
343 1723 479 1775 haec
521 1724 698 1775 omnia
739 1722 1007 1790 concides,
1052 1721 1305 1794 [accipias
1331 1723 1585 1793 patellam
1613 1738 1701 1775 ae-

106 1888 300 1942 sparge“
328 1885 423 1928 133.
460 1890 507 1929 et
533 1884 761 1938 „adorna“
797 1885 858 1928 ad

114 1945 340 2000 „nucleis“
387 1945 485 1987 206.
528 1945 741 1987 sicium
783 1944 857 1987 isi-

108 2006 241 2055 cium,
284 2003 517 2055 haecksel,
558 2002 727 2047 fiillsel.
765 2017 858 2047 co-

106 2064 249 2107 rium
306 2063 426 2118 lage,
488 2061 706 2107 schichte.
773 2063 858 2105 di-

106 2123 267 2178 plois
311 2123 459 2165 solum
494 2122 663 2165 ceteris
697 2122 857 2165 tractis

108 2182 318 2232 crassius,
350 2181 646 2236 doppellage,
674 2181 857 2225 mantel.

109 2242 242 2285 dein
266 2254 378 2284 corr.
401 2255 485 2295 pro
510 2241 583 2284 in.
612 2266 663 2270 —
689 2241 857 2297 laga-

107 2315 235 2344 num
269 2304 434 2351 tracta,
469 2300 601 2355 quasi
632 2301 858 2344 membra-

107 2361 231 2411 nula,
251 2358 571 2403 kuchenblatt.
598 2357 717 2402 fist.
740 2373 857 2414 per-

108 2424 216 2463 cut.
261 2418 429 2462 baculo
471 2423 619 2462 terete
651 2419 853 2474 compla-

108 2478 241 2522 nabis
275 2483 322 2521 et
339 2478 619 2528 attenuabis‚
654 2478 742 2520 den
761 2478 860 2532 teig

106 2538 190 2580 mit
231 2537 312 2580 der
353 2537 469 2580 rolle
513 2550 568 2579 zu
601 2537 747 2580 einem
780 2551 857 2580 nu—

108 2596 369 2640 delkuchen
417 2595 707 2646 austreiben,
756 2608 858 2640 aus-

106 2657 295 2700 waelen.
330 2655 518 2706 trulla
545 2653 859 2709 schoepfloef-

107 2715 182 2760 fel.
220 2741 273 2745 —
319 2713 483 2758 infra
517 2714 769 2757 1351949

196 2774 257 2817 ad
293 2775 388 2818 135.
460 2787 544 2828 pro
588 2773 748 2828 inepta
779 2786 859 2829 paz

108 2833 206 2877 tina
250 2833 574 2878 cotidiana
646 2834 747 2877 cod.
814 2849 856 2872 π.

109 2893 184 2938 vel
202 2906 308 2949 quo
324 2894 415 2937 tid
429 2895 518 2937 ian
531 2906 558 2936 a
575 2895 859 2950 reliquorum

950 1898 1068 1941 quae
1118 1886 1215 1928 121.
1266 1889 1379 1940 apta
1422 1889 1494 1929 est
1536 1884 1701 1928 substi-

949 1945 1124 1988 tuenda
1156 1949 1257 1988 erat
1291 1944 1590 1988 catillana
1624 1944 1701 1987 de-

949 2005 1111 2048 liciosa
1146 2004 1217 2048 vel
1252 2004 1598 2047 castellana
1640 2002 1702 2046 ad

951 2064 1132 2107 castelli
1178 2059 1375 2119 figuram
1409 2064 1591 2107 effecta.
1643 2061 1698 2105 cf.

949 2122 1127 2166 Arnob.
1172 2123 1215 2174 4,
1248 2123 1319 2165 42.
1368 2135 1469 2166 cum
1502 2122 1700 2177 interpp.

949 2182 1124 2226 Athen.
1162 2182 1231 2231 14,
1264 2182 1333 2224 57.
1370 2182 1468 2225 Cat.
1495 2182 1563 2224 84.
1599 2181 1697 2224 Sal-

949 2255 1060 2285 mas.
1110 2242 1155 2284 in
1199 2241 1341 2285 Solin.
1381 2241 1533 2296 1290.
1566 2240 1609 2285 b.
1646 2265 1700 2270 -

950 2315 1083 2345 sum.
1118 2305 1295 2344 cocta
1328 2301 1580 2344 cumHum.
1615 2311 1700 2354 pro

951 2364 1184 2404 coctum
1218 2365 1265 2404 et
1298 2365 1526 2403 coctam
1565 2358 1701 2402 codd.

949 2424 1159 2474 praestet
1207 2419 1369 2463 cocti
1424 2419 1519 2462 134.
1573 2422 1702 2473 post-

952 2491 1089 2533 quam
1131 2478 1302 2533 pulpae
1354 2478 1507 2521 dictae
1551 2478 1702 2521 conci-

951 2551 1029 2581 sae
1063 2543 1110 2581 et
1142 2538 1185 2580 in
1221 2538 1421 2581 caccabo
1461 2537 1561 2581 ovis
1595 2550 1702 2580 oon-

951 2595 1110 2640 fractis
1144 2597 1399 2640 dissolutae
1441 2601 1492 2641 et
1524 2596 1702 2651 obliga-

951 2661 1027 2700 tae
1060 2660 1180 2708 sunt,
1212 2657 1282 2700 ius
1299 2661 1491 2712 paratur
1508 2656 1553 2700 in
1576 2655 1703 2711 quod

950 2716 1120 2771 pulpae
1153 2715 1260 2760 illae
1296 2721 1346 2759 ut
1371 2717 1578 2771 impensa
1597 2715 1700 2758 mit-

951 2781 1124 2827 tuntur,
1160 2775 1327 2820 deinde
1357 2777 1407 2819 in
1440 2776 1589 2819 altera
1619 2786 1701 2830 pa—

951 2835 1050 2878 tina
1082 2839 1318 2879 artocreas
1352 2836 1616 2879 exstruitur.
1647 2858 1700 2865 —-

953 2894 1195 2951 obligas
1229 2895 1382 2940 amolo
1419 2895 1515 2939 134.
1566 2893 1701 2939 sub-
