2066 3276
756 233 858 278 Lib.
898 232 954 276 11.
1018 231 1282 288 Sareoptes.
1745 208 1812 284 51

228 367 413 420 elixas,
457 366 598 419 elixa
637 367 808 433 tolleS‚
849 365 1232 434 pinguedinem
1274 363 1523 418 concides
1565 369 1618 417 et
1657 381 1816 432 copa-

228 441 317 492 dia
356 441 569 509 pulpae,
610 441 664 492 in
704 457 762 493 se
803 441 979 492 omnia
1021 440 1329 492 conmisces.
1373 444 1513 491 teres
1544 438 1715 508 piper,
1757 437 1814 488 li-

228 514 492 581 gistieum,
536 531 637 566 ova
675 514 791 579 tria,
832 513 968 566 haec
1010 513 1186 564 omnia
1223 513 1278 564 in
1306 513 1555 565 mortario
1596 511 1816 580 permis-

229 604 319 640 ces
360 604 476 640 cum
517 588 718 640 nucleis
761 592 813 639 et
844 588 1031 655 pipere
1057 586 1283 652 integre,
1325 587 1593 653 liquamen
1621 587 1817 638 suffun-

230 661 341 714 des,
380 661 682 713 intestinam
720 661 909 727 inplcS,
954 660 1147 713 elixam
1189 665 1241 712 et
1280 662 1550 727 subassas‚
1599 661 1687 713 vel
1728 661 1818 714 eli-

227 752 353 786 xam
391 739 591 785 tantum
632 750 891 802 appones

341 808 426 860 60.
476 807 643 860 Alit-er
683 807 1025 861 circellos
1064 806 1425 859 isiciatos:
1467 808 1645 875 reples
1684 808 1817 861 inte-

232 880 424 933 stinum
462 880 690 949 inpensa
740 880 890 957 18101ιίβ
916 884 967 933 et
1007 879 1275 933 circellum
1314 880 1482 934 facies
1522 882 1820 938 rotundum.

230 1012 402 1056 excidit
435 1013 622 1064 „tinni“,
657 1017 708 1056 ut
738 1013 980 1068 intellega-

229 1078 304 1116 tur
336 1071 540 1128 thynnea
571 1073 729 1123 muria,
758 1085 849 1115 una
866 1084 981 1115 voce

230 1131 341 1183 tina,
374 1130 537 1188 thynni
568 1131 637 1175 sal
669 1131 892 1176 Martialis
912 1131 981 1182 10,

230 1190 302 1241 48,
353 1191 419 1233 12.
470 1189 526 1234 cf.
573 1190 690 1234 Plin.
735 1191 776 1242 9,
819 1191 890 1234 48.
925 1214 980 1221 --

231 1249 508 1294 abumine
542 1263 725 1305 porro
758 1253 800 1301 β.
844 1248 982 1293 ami=

232 1321 299 1353 ne
320 1310 486 1364 porri
504 1324 549 1352 π.
568 1309 836 1354 abamine
858 1321 982 1364 por-

233 1381 294 1412 ro
327 1384 351 1422 y
396 1369 466 1412 ed.
511 1381 577 1423 pr.
612 1369 770 1424 sicque
817 1368 981 1412 volunt

233 1428 339 1471 libri
373 1426 471 1471 flor.
516 1428 684 1472 melior
716 1426 867 1471 forma
899 1426 981 1469 al-

233 1488 444 1531 bumen
477 1498 549 1542 ap.
584 1487 752 1543 Veget.
776 1491 865 1530 art.
888 1490 978 1529 vet.

233 1547 276 1597 3,
319 1545 390 1596 57,
433 1546 470 1588 1.
530 1546 577 1589 in
623 1547 804 1601 aliquot
851 1544 980 1588 libris

235 1604 352 1649 Plin.
386 1605 457 1655 28,
482 1604 551 1647 66.
586 1604 641 1647 cf.
666 1605 735 1647 65.
769 1604 982 1648 albamen

236 1665 292 1708 de
331 1663 481 1717 porris
527 1664 621 1706 172.
671 1663 983 1707 albamentum

237 1721 334 1767 196.
368 1722 591 1778 Pelagon.
609 1723 680 1766 30.
709 1723 766 1765 in.
802 1723 982 1779 explico

235 1779 484 1826 medullam
532 1794 651 1838 quae
706 1782 829 1826 intus
877 1782 985 1825 alba

237 1846 322 1889 est,
341 1841 525 1884 niveum
543 1841 751 1896 stipitem
782 1841 982 1884 Martial.

239 1901 308 1951 13,
361 1901 428 1943 19.
463 1925 515 1930 -—
566 1901 740 1951 elixa,
775 1900 983 1950 elixas,

238 1959 524 2010 elixatos,
569 1959 799 2004 elixato
846 1959 981 2003 codd.

238 2043 293 2048 —
346 2018 772 2074 pinguedinem
821 2019 984 2073 adipes

236 2076 309 2120 44.
359 2100 413 2107 -—
463 2077 723 2132 copadia
771 2091 828 2122 ex
880 2078 985 2122 cod.

237 2136 357 2179 hum.
402 2150 486 2193 pro
529 2136 809 2192 reliquorum
854 2150 987 2182 con-

238 2195 425 2251 padia,
451 2195 819 2251 compendia,
846 2209 988 2240 com-

237 2256 471 2310 pandia.
515 2254 570 2297 cf.
609 2257 706 2299 120.
752 2256 850 2299 280.
885 2256 987 2299 359.

238 2314 338 2384 330.
365 2314 610 2370 copadium
631 2312 841 2355 κοπὰὃιον
865 2314 990 2370 quod

241 2388 435 2424 κοπαιον,
468 2372 642 2422 abusor,
676 2372 823 2422 κοπᾶς,
849 2373 984 2422 κόπις,

241 2430 399 2485 κόμμα,
445 2433 702 2488 praecisum
757 2432 896 2476 Nonii
941 2446 985 2487 p.

243 2491 342 2534 103.
385 2504 427 2535 a.
472 2493 620 2536 carnis
661 2491 858 2535 frustum
899 2491 989 2534 dis-

242 2554 417 2594 sectum
460 2551 600 2606 idque
650 2550 896 2594 delicatius
944 2555 992 2594 et

242 2609 427 2661 lautius,
461 2610 555 2653 suis
588 2610 747 2666 lingua
767 2623 869 2654 cum
897 2609 990 2665 epi-

242 2669 472 2724 glottide,
540 2670 742 2725 gutturis
816 2680 993 2712 summa

242 2741 364 2782 pars,
412 2728 663 2783 glandulae
712 2729 898 2784 linguae
947 2732 994 2772 et

243 2787 455 2831 faucibus
488 2787 809 2839 adhaerentes,
852 2788 910 2831 al.
947 2792 996 2832 ut

245 2846 365 2893 κόπις
397 2849 543 2893 culter
568 2850 703 2905 coqui
714 2854 931 2892 curvatus
949 2853 997 2892 et

1071 1012 1256 1067 gladius
1285 1014 1553 1058 venatorius
1586 1015 1823 1060 derivatur

1072 1083 1101 1113 a
1133 1071 1276 1116 verbo
1310 1071 1496 1116 κόπτειν.
1542 1072 1597 1117 ef.
1634 1073 1823 1120 Dufres-

1071 1130 1135 1174 nii
1176 1130 1328 1176 Gloss.
1371 1132 1417 1176 in
1462 1133 1721 1188 copadium.
1769 1159 1823 1165 -

1074 1189 1286 1234 elixam
1333 1191 1379 1235 in
1427 1205 1508 1236 sex
1555 1192 1691 1236 codd.
1736 1206 1821 1250 pro

1073 1249 1439 1306 e11xasquare
1467 1252 1823 1297 intestinam

1074 1308 1236 1363 scripsi
1282 1323 1367 1365 pro
1411 1311 1716 1355 intestina
1746 1312 1824 1356 vel

1071 1367 1429 1413 intestinum
1504 1375 1576 1414 est
1646 1371 1826 1416 scilicet

1073 1427 1213 1470 etiam
1245 1428 1494 1480 intestina,¹
1516 1428 1573 1473 cf.
1596 1430 1698 1475 371.
1719 1444 1826 1486 sup-

1072 1485 1201 1541 pleta
1234 1500 1349 1532 voce
1379 1488 1538 1540 „hira“
1558 1489 1633 1532 vel
1652 1488 1823 1541 „hilla“

1075 1557 1194 1600 quac
1226 1545 1425 1591 habetur
1441 1548 1742 1603 praecipuum
1759 1549 1825 1592 in-

1074 1603 1347 1649 testinorum
1379 1607 1594 1658 omnium,
1622 1608 1825 1654 Macrob.

1074 1663 1119 1706 in
1153 1676 1296 1706 8011111.
1331 1665 1454 1721 Scip.
1490 1667 1527 1708 1.
1562 1667 1603 1718 6,
1639 1668 1706 1710 77.
1767 1667 1824 1712 cf.

1074 1722 1135 1765 ad
1166 1721 1238 1765 44.

1165 1782 1226 1825 ad
1258 1782 1330 1826 60.
1380 1782 1562 1827 Circelli
1594 1783 1829 1830 habentur

1075 1838 1315 1884 farcimina
1327 1842 1372 1885 in
1391 1842 1550 1886 circuli
1567 1843 1762 1888 formam
1781 1850 1828 1890 et

1076 1900 1411 1945 rotunditatem
1446 1902 1619 1955 efficta,
1653 1902 1830 1948 knack-

1075 1964 1286 2003 wuerste.
1322 1958 1441 2003 infra
1473 1961 1574 2004 369.
1608 1963 1830 2007 intestina

1074 2018 1284 2073 impensa
1315 2032 1398 2063 seu
1429 2019 1559 2064 isicio
1586 2021 1766 2076 repleta
1783 2023 1829 2066 in

1076 2091 1194 2133 gyro
1243 2083 1596 2133 componuntur,
1654 2093 1682 2123 a
1740 2093 1832 2137 qua

1078 2149 1278 2180 coronae
1296 2137 1441 2180 instar
1454 2138 1832 2195 circumponendi

1078 2195 1218 2239 modo
1273 2209 1440 2240 nomen
1497 2211 1590 2241 non
1642 2198 1832 2244 habent.

1079 2255 1163 2298 sed
1211 2267 1238 2297 a
1287 2256 1468 2299 circulis
1515 2270 1597 2300 seu
1642 2258 1832 2303 orbibus

1079 2315 1190 2357 item
1223 2319 1448 2358 vocantur
1480 2315 1647 2370 spirae,
1691 2329 1834 2372 opera

1076 2373 1287 2432 pistoria,
1305 2373 1549 2427 placentae
1563 2387 1637 2429 ap.
1650 2373 1749 2419 Cat.
1764 2376 1834 2421 77.

1080 2434 1282 2488 στρεπτοὶ
1301 2445 1376 2487 ap.
1391 2432 1691 2477 Demosthen.
1714 2439 1832 2478 orat.

1083 2494 1150 2537 18.
1198 2503 1243 2545 p.
1293 2491 1392 2534 260.
1442 2491 1620 2537 Ρο11110.
1671 2494 1712 2545 6,
1763 2494 1835 2539 77.

1082 2549 1253 2597 Athen.
1273 2549 1316 2601 4,
1340 2550 1379 2592 5.
1414 2550 1617 2596 Bekker.
1651 2551 1835 2598 Anecd.

1055 2626 1148 2670 ‚gr-
1182 2622 1224 2663 p.
1259 2609 1360 2652 302.
1403 2609 1526 2654 Fest.
1561 2625 1604 2666 p.
1639 2612 1743 2656 330.
1781 2637 1835 2642 ᾔ

1083 2668 1241 2715 Editio
1275 2682 1341 2724 pr.
1368 2669 1530 2713 manca
1561 2674 1646 2714 est.
1681 2685 1706 2716 0
1732 2670 1836 2715 cod.

1084 2743 1169 2774 suo
1194 2741 1294 2772 eam
1314 2728 1551 2784 supplevit
1568 2729 1702 2774 Hum.
1724 2743 1838 2786 quo·

1087 2803 1188 2834 cum
1233 2786 1411 2831 faciunt
1454 2788 1614 2833 nostri.
1650 2815 1703 2821 -
1737 2790 1839 2835 im-

1086 2860 1321 2906 pensam
1355 2847 1490 2891 eodd.
1539 2873 1590 2878 —
1638 2850 1839 2895 minia-
