2066 3276
746 243 844 290 Lib.
864 243 986 290 VIII.
1034 243 1278 301 Tetrapus.

311 382 828 449 402.Lep01em
872 377 1271 433 esiciatum:

1686 240 1791 296 185

1328 373 1518 428 eadem
1573 376 1792 427 coctura

199 455 419 510 condies
458 455 693 525 pulpam,
735 454 957 507 nucleos
995 450 1199 504 infusos
1238 448 1523 515 admisceS,
1578 452 1790 503 omento

199 535 352 598 teges
391 531 479 583 vel
519 533 666 583 carta
707 527 931 595 colliges
970 524 1267 578 laminas
1308 527 1361 576 et
1398 522 1612 576 surcula

309 605 434 657 403.
508 604 844 671 Leporem
904 599 1257 654 farsilem:

1317 598 1557 668 leporem
1617 610 1790 664 curas,

200 695 373 743 omas,
399 675 747 744 quadratum
733 674 959 743 inponis
991 671 1229 726 adicies
1217 689 1270 724 m
1291 671 1597 724 mortarium
1617 669 1791 754 piper,

199 752 499 818 ligisticum,
532 750 829 817 origanum,
860 746 1134 801 suffundes
1162 746 1446 812 liquamen.
1475 744 1678 798 adicies
1717 743 1793 796 io-

200 826 380 880 cinera
432 825 749 893 gallinarum
803 827 971 889 cocta,
1027 820 1294 874 cerebella
1347 823 1519 886 cocta,
1571 818 1792 887 pulpam

201 900 484 965 concisam,
551 915 653 950 ova
706 896 871 951 cruda
923 895 1039 965 tria,
1103 892 1389 961 liquamine
1450 891 1791 962 temperabis,

203 1048 272 1096 13,
306 1046 375 1088 27.
421 1044 560 1090 hodie
602 1044 741 1089 etiam
773 1043 835 1087 ad
866 1055 951 1087 nos

196 1105 352 1150 afferri
384 1100 499 1149 ficus
527 1105 572 1148 in
591 1115 768 1149 massas
788 1107 835 1148 et
851 1101 952 1158 glo-

199 1165 284 1210 bos
317 1164 531 1209 conditas
565 1169 612 1208 et
644 1163 689 1207 in
714 1161 952 1218 sportellis

198 1224 372 1269 iunceis
418 1228 580 1268 notum
628 1227 712 1267 est.
778 1220 952 1266 caricas

198 1297 382 1338 pressas
405 1283 548 1328 habes
568 1283 613 1326 in
631 1281 770 1325 Edict
799 1279 949 1324 Diocl.

200 1344 241 1393 6,
274 1343 343 1387 85.
380 1342 554 1398 φύραμα
588 1340 717 1397 ξηρόν
737 1340 952 1395 δῃΜΠΘ-

199 1402 451 1447 simachum
483 1400 779 1449 Athenaei9‚
798 1399 867 1442 67.
889 1398 950 1443 ab

198 1475 255 1506 ea
272 1474 426 1506 massa
442 1460 679 1517 pinguium
699 1459 951 1503 caricarum

198 1521 395 1578 globata
412 1521 473 1564 ad
499 1519 805 1564 condiendum
822 1517 951 1572 lepo-

199 1594 294 1624 iem
337 1580 560 1635 adspersa
600 1579 702 1633 ipse
750 1576 951 1620 fortasse

199 1653 365 1683 nomen
399 1639 555 1689 traxit,
589 1637 714 1706 quod
748 1649 857 1679 vero
891 1635 949 1678 si-

200 1698 351 1742 milius
382 1698 576 1742 habebit
609 1696 686 1752 qui
709 1708 864 1739 secum
883 1708 951 1738 re-

199 1758 434 1813 putaveiit
460 1753 576 1800 ficus
603 1755 835 1812 passarias
859 1754 952 1797 Ro-

200 1830 300 1860 mae
330 1817 480 1860 dictas
506 1828 624 1872 quae
643 1812 954 1859 callistruthia

198 1876 324 1932 apud
359 1876 564 1920 Graecos
608 1873 873 1930 Capitolino
907 1872 953 1915 in

198 1935 357 1979 Albin
395 1936 461 1977 11.
507 1939 629 1979 teste
674 1939 721 1977 et
753 1931 953 1988 passari-

200 2008 305 2038 num
353 1994 596 2050 prandium
645 1991 953 2059 Pomponium

201 2067 272 2109 ap.
308 2054 422 2097 Non.
458 2067 501 2109 p.
525 2054 591 2096 77.
618 2065 660 2096 a.
685 2052 837 2095 dicere
871 2050 956 2105 (sic

201 2113 296 2157 scil.
331 2113 485 2157 scribo
504 2126 587 2167 pro
611 2110 951 2167 „passerinum“

202 2176 249 2216 et
281 2172 410 2216 rideo
444 2172 669 2216 Italorum
713 2173 953 2225 passerum

203 2230 384 2283 cibum).
422 2231 495 2274 cui
527 2235 577 2274 ut
610 2230 749 2274 etiam
766 2228 856 2271 hoc
873 2227 954 2270 ad-

202 2290 308 2334 dam
341 2303 432 2333 non
460 2290 506 2332 in
535 2294 735 2333 mentem
764 2287 956 2332 veniunt

203 2361 320 2393 uvae
361 2361 527 2404 passae
574 2360 692 2404 quae
737 2351 844 2390 sunt
879 2359 955 2390 ex-

202 2421 375 2463 pansae
418 2420 446 2450 a
491 2407 635 2451 verbo
679 2406 870 2462 pando?
917 2404 956 2448 si

203 2468 345 2536 igitur
387 2466 624 2522 sci-ipseiis
669 2466 786 2520 lep.
822 2476 958 2519 pas-

203 2527 480 2576 sarinum‚
513 2539 603 2569 non
629 2524 878 2568 admodum
902 2523 958 2565 ri-

204 2585 401 2630 deberis.
435 2585 503 2628 sic
535 2588 644 2628 ante
661 2596 837 2640 paucos
858 2582 960 2626 dies

202 2644 463 2689 hariolatus
497 2657 609 2687 sum.
647 2656 767 2687 nunc
789 2641 962 2697 simpli-

205 2704 323 2748 citer
364 2716 448 2759 pro
490 2702 669 2746 salem
713 2713 961 2744 massam

209 2763 322 2819 lego
357 2777 377 2806 s
392 2775 417 2806 a
434 2762 507 2805 lis
531 2775 596 2804 m.
618 2765 670 2806 ut
687 2761 826 2805 etiam
843 2759 960 2803 Plin.

207 2823 281 2872 31,
317 2823 384 2865 78.
421 2821 639 2877 loquitur.
686 2845 739 2851 -
786 2832 963 2863 oeno-

209 2894 354 2938 garo
388 2880 490 2934 hoc,
519 2879 636 2924 infra
655 2880 842 2937 scripto.
878 2891 964 2924 oe-

1045 1053 1272 1097 nogara
1303 1040 1348 1084 in
1373 1039 1590 1096 quinque,
1624 1052 1792 1084 oeno-

1043 1101 1175 1158 gari
1209 1100 1279 1144 ed.
1313 1113 1380 1155 pr.
1417 1124 1469 1129 —
1513 1103 1572 1143 et
1603 1099 1702 1155 liq.
1738 1123 1792 1130 --

1044 1159 1279 1204 adicies
1312 1173 1400 1203 om.
1426 1158 1497 1203 cd.
1530 1172 1596 1214 pr.
1622 1170 1794 1202 —ma-

1044 1219 1122 1263 lim
1170 1218 1274 1274 lep.
1322 1218 1583 1262 inassum
1629 1218 1796 1263 leviter

1044 1283 1265 1329 assatum,
1312 1277 1373 1322 ad
1416 1277 1652 1322 dimidiam
1693 1290 1795 1321 coc-

1044 1343 1154 1381 tum.
1191 1362 1245 1371 —
1288 1338 1492 1393 tangis
1524 1337 1793 1393 pertangito

1133 1456 1194 1500 ad
1225 1456 1325 1500 402.
1368 1454 1686 1500 esiciatum
1719 1467 1795 1499 co-

1045 1516 1196 1560 dicum
1231 1521 1303 1560 est
1331 1516 1577 1566 exicatum‚
1611 1514 1749 1559 exsic.
1767 1526 1796 1557 a

1046 1575 1188 1619 verbo
1221 1575 1368 1619 sicare
1399 1574 1427 1617 i.
1448 1587 1489 1629 q.
1509 1587 1667 1619 secare
1694 1573 1793 1618 384.

1045 1634 1293 1690 intellegas
1355 1633 1526 1689 leporis
1590 1633 1795 1689 pulpam,

1046 1707 1227 1737 carnem
1246 1693 1307 1736 ad
1325 1693 1604 1738 vescendum
1622 1698 1796 1749 aptam,

1046 1766 1102 1798 ex
1146 1753 1270 1797 omni
1312 1753 1517 1797 membro
1561 1752 1660 1796 408.
1704 1765 1797 1796 non

1044 1826 1184 1856 unum
1228 1813 1372 1864 iocur,
1416 1825 1510 1863 cor.
1540 1812 1796 1868 pulmones.

1044 1873 1143 1915 373.
1167 1896 1218 1901 ψ
1239 1872 1442 1916 eadem
1471 1871 1663 1915 dimidia
1678 1870 1797 1915 401⁴?

1046 1931 1220 1976 codicis
1262 1935 1293 1982 β
1335 1931 1657 1975 conditura
1698 1930 1798 1986 pla-

1047 1995 1132 2034 cet.
1157 2016 1209 2022 —
1239 1990 1412 2046 leporis
1432 1990 1638 2034 consecti
1653 1989 1799 2045 pulpa

1047 2063 1147 2093 cum
1181 2050 1285 2093 aliis
1317 2050 1455 2094 rebus
1488 2054 1675 2094 omento
1699 2048 1799 2105 tegi

1047 2109 1245 2153 videtur.
1274 2135 1320 2139 —
1361 2114 1529 2153 carta
1561 2108 1798 2164 obliges

1047 2181 1142 2224 par.
1187 2169 1381 2212 linteolo
1426 2168 1633 2223 deligare
1681 2167 1800 2211 dixit

1047 2227 1162 2270 Plin.
1190 2228 1262 2279 20,
1283 2227 1380 2272 184.
1401 2227 1455 2271 cf.
1475 2228 1574 2271 369.
1610 2231 1798 2271 omento

1048 2291 1177 2330 carta
1210 2288 1418 2342 coperies
1452 2292 1500 2331 et
1525 2286 1628 2330 403.
1660 2286 1799 2330 laci-

1047 2346 1180 2388 nias
1213 2346 1427 2389 codicum
1468 2345 1685 2390 mendum
1717 2345 1799 2388 im-

1048 2418 1180 2448 mane
1198 2418 1283 2459 pro
1312 2405 1567 2448 laminas
1589 2417 1799 2460 segmen-

1051 2469 1099 2507 ta
1141 2464 1324 2519 pulpae.
1358 2465 1462 2507 lam.
1511 2464 1800 2519 putridarum

1053 2523 1255 2566 carnium
1288 2536 1345 2567 ex
1376 2523 1512 2568 Alex.
1538 2522 1800 2579 Iatrosoph.

1053 2595 1133 2626 ms.
1169 2583 1247 2626 lib.
1283 2583 1322 2625 2.
1357 2584 1558 2638 passion.
1585 2583 1653 2626 73.
1688 2583 1802 2626 citat

1053 2642 1320 2698 Ducangius
1352 2642 1404 2685 T.
1438 2641 1515 2686 IV.
1549 2655 1592 2697 p.
1620 2642 1687 2686 18.
1720 2641 1802 2686 ho-

1055 2701 1128 2745 die
1161 2701 1359 2745 schnitte
1392 2705 1439 2745 et
1469 2699 1674 2745 strcifen.

1144 2760 1322 2804 ad403.
1355 2758 1614 2816 imponis
1638 2760 1681 2803 in
1701 2771 1801 2803 cac-

1056 2819 1190 2863 cabo.
1244 2820 1597 2875 quadratum
1645 2822 1801 2863 exten-

1056 2892 1155 2923 sum
1183 2878 1284 2923 401.
1316 2879 1542 2936 quadrata
1561 2878 1691 2935 quasi
1710 2876 1801 2924 for-
