2066 3276
241 126 311 180 22
921 125 1170 173 Praefatio.

240 260 498 328 „stinaca
543 276 679 328 cepa
708 261 997 315 ascalonia.
1038 262 1247 317 radices
1274 263 1429 316 iunci.
1461 270 1599 318 anet.
1637 265 1830 336 puleiu.

237 355 513 424 „ciperum
553 353 676 406 alin.
720 368 929 420 ospera.
969 370 1230 408 samsucU.
1274 354 1466 408 innula.
1501 355 1672 427 silpiu.
1721 376 1832 411 car-

237 444 539 512 ,‚damomU.
600 443 648 495 D
670 458 698 494 e
732 442 1131 519 liquoribus
1170 444 1326 497 hoc:
1368 444 1489 510 mel,
1526 443 1720 498 defritu
1747 464 1830 500 ca-

237 535 390 602 „rinu
411 533 651 605 apiperm
686 547 862 598 passu.
926 532 973 584 D
992 550 1020 585 e
1048 550 1081 585 n
1100 549 1130 584 u
1148 533 1324 586 cleis
1351 533 1500 587 hoc:
1532 551 1695 589 nuces
1722 553 1831 589 ma·

238 623 415 691 „iores
454 622 640 675 nuclos
667 621 856 690 pineos
885 638 949 675 ac
978 621 1191 676 midula.
1235 624 1303 676 ab
1340 623 1534 676 allana.
1595 624 1643 676 D
1662 641 1690 678 e
1723 642 1757 694 p
1776 642 1829 678 o-

237 713 397 781 „mis
426 711 646 766 siccis
674 710 829 767 hoc:
871 712 1226 765 Damascena.
1260 711 1467 766 dafilos,
1509 728 1613 765 uva
1646 730 1825 783 passa.

235 806 515 870 „granata
557 802 705 855 Haec
734 801 910 854 omnia
933 800 985 852 in
1013 801 1131 854 loco
1166 800 1309 854 sicco
1338 818 1478 871 pone
1506 818 1574 855 ne
1610 801 1829 857 odorem

236 895 328 960 „et
365 891 612 945 virtutem
650 889 895 959 perdant.
952 890 1187 942 Brevis
1230 890 1570 958 cyborum.
1624 892 1665 945 I.
1699 891 1828 946 Cac-

236 981 467 1048 „cabina
492 981 710 1034 minore.
754 980 822 1033 II.
847 978 1138 1032 caccabina
1163 978 1334 1033 fusile,
1395 981 1492 1032 III.
1519 979 1706 1034 ofellas
1735 998 1826 1048 ga-

235 1075 437 1137 „ratas
479 1071 603 1123 IIII.
637 1068 825 1123 ofellas
853 1085 1019 1122 assas,
1061 1069 1123 1122 V.
1142 1068 1294 1122 aliter
1323 1067 1526 1122 ofellaS.
1576 1069 1665 1122 VI.
1698 1069 1825 1123 ofel-

241 1160 355 1226 „Ias
384 1165 589 1228 graton.
649 1159 767 1212 VII.
799 1157 976 1226 pisces
1005 1157 1314 1226 scorpiones
1348 1158 1635 1226 rapulatus.
1678 1158 1823 1211 VIII.

236 1248 451 1317 „pisces
467 1247 647 1301 frixos.
667 1248 1043 1313 cuiuscumque
1061 1246 1290 1313 generis.
1323 1246 1496 1299 VIIII.
1512 1247 1637 1305 item
1653 1246 1829 1315 pisces

236 1336 459 1403 „frixos
502 1338 569 1390 X.
589 1337 766 1407 pisces
782 1353 948 1390 assos.
991 1336 1087 1389 XI.
1116 1335 1293 1404 pisces
1320 1334 1664 1402 inotogonon.
1707 1336 1827 1390 XII.

234 1425 478 1492 „sardas
537 1426 689 1479 XIII.
720 1424 845 1478 item
875 1425 1052 1494 pisces
1079 1424 1422 1491 inotogonon.
1484 1424 1663 1477 XIIII.
1700 1426 1828 1478 mul-

128 1538 135 1541 <
234 1512 352 1580 „los
380 1519 641 1569 anetatos
702 1515 819 1568 XV.
850 1514 1003 1568 aliter
1029 1514 1234 1567 mullos.
1301 1512 1429 1565 XVI
1488 1529 1737 1566 murenas
1779 1519 1830 1568 et

236 1603 556 1671 „anguillas
617 1604 788 1656 XVII.
813 1603 1046 1656 lucustas
1088 1607 1140 1656 et
1178 1601 1417 1669 isquillas
1499 1602 1698 1655 XVIII.
1723 1604 1828 1671 pis-

237 1708 368 1759 „ces
398 1692 583 1746 elixos.
637 1693 866 1746 XVIIII.
896 1692 1106 1761 patinas
1138 1692 1372 1745 oborum.
1433 1691 1553 1743 XX.
1590 1692 1835 1760 porcello

235 1779 630 1846 „coriaudrata
674 1781 824 1834 XXI.
848 1781 1085 1850 porcello
1113 1780 1167 1833 in
1203 1784 1439 1833 occuctu.
1499 1781 1677 1834 XXII.
1708 1798 1826 1850 por-

232 1869 406 1935 „cello
425 1886 487 1922 eo
495 1869 634 1938 jure.
667 1870 873 1923 XXIII.
891 1870 1129 1939 porcello
1145 1875 1343 1940 tymmo
1361 1887 1566 1941 crapsu.
1591 1871 1824 1926 XXIIII.

234 1959 512 2028 „porcellu
535 1975 808 2013 exozome.
851 1960 1021 2013 XXV.
1064 1960 1304 2028 porcellu
1330 1960 1581 2014 lasaratu.
1626 1961 1823 2015 XXVI.

231 2048 770 2117 „porcellujuscellm
824 2049 1051 2101 XXVII.
1093 2065 1238 2116 agnu
1260 2048 1515 2117 simplice.
1570 2050 1824 2102 XXVIII.

230 2134 528 2201 „haedulas
564 2142 732 2191 aratu.
812 2138 1095 2190 XXVIIII.
1138 2137 1320 2190 turdos
1362 2156 1394 2190 a
1433 2143 1596 2206 ponto
1623 2155 1823 2192 menos

230 2224 444 2289 „XXX
470 2230 715 2278 turtures.
778 2227 982 2280 XXXI.
1006 2226 1087 2279 ius
1126 2226 1179 2277 in
1219 2225 1483 2294 perdices.
1513 2258 1579 2263 —
1621 2228 1661 2279 I.
1685 2227 1824 2282 ,Cac-

231 2312 461 2377 „cabina
481 2314 699 2368 minore.
726 2316 873 2368 olera
895 2314 1122 2369 diversa.
1150 2314 1304 2367 elixa.
1335 2318 1653 2385 compone,“
1688 2332 1824 2382 quae

229 2405 349 2451 sunt
387 2402 594 2470 reliqua
632 2403 832 2455 inserta
870 2420 1010 2455 nunc
1051 2403 1217 2457 habes
1264 2404 1395 2457 locis
1434 2405 1510 2457 rei
1550 2405 1822 2471 proximiS,

228 2493 348 2541 sunt
401 2495 579 2543 autem
635 2492 754 2544 119.
812 2492 931 2544 120.
991 2491 1298 2545 153—165.
1343 2493 1653 2547 255—257.
1696 2495 1821 2546 270.

229 2578 349 2630 370.
384 2579 506 2632 375.
545 2579 855 2631 380-394.
899 2579 988 2632 ubi
1027 2580 1305 2634 adhibebis
1346 2586 1501 2634 notas
1539 2582 1593 2634 in
1633 2582 1821 2651 quibus

227 2667 534 2734 aenigmata
574 2668 782 2721 solvere
831 2668 1031 2720 tentavi
1063 2668 1177 2722 istis
1227 2670 1494 2738 excerptis
1546 2687 1683 2738 quae
1733 2669 1819 2722 tri-

228 2754 379 2823 ginta
431 2772 593 2808 unam
648 2755 1061 2826 compositiones
1114 2757 1384 2811 continent
1441 2757 1678 2828 Apicius,
1732 2757 1821 2829 qui
