2066 3276
279 263 383 315 192

871 261 972 306 Lib.
998 260 1078 322 JX.
1111 260 1319 305 Talassa.

272 394 354 447 los
394 393 609 447 echinos
654 393 844 460 mittes,
886 394 1133 462 agitabis,
1175 399 1256 447 ter
1296 394 1493 447 bulliat.
1538 412 1656 448 cum
1698 411 1854 449 coxe-

273 468 361 535 ris,
404 468 559 535 piper
598 468 846 535 aspargis
887 472 939 521 et
976 467 1189 521 inferes,

385 542 509 593 426.
551 541 719 594 Aliter
756 541 810 593 in
852 541 1075 597 echino:
1126 541 1297 610 piper,
1333 545 1533 593 costum
1577 540 1862 608 modicum,

201 661 210 669 .
273 618 505 668 mentam
554 614 769 682 siccam,
822 615 1063 682 mulsum,
1116 614 1420 682 liquamine,
1475 614 1679 683 spicam
1728 615 1866 668 indi-

275 705 395 741 cam
438 693 490 742 et
527 686 725 741 folium.

385 763 511 816 427.
571 762 738 816 Aliter
775 762 830 814 in
872 761 1090 815 echino:
1146 762 1322 816 colum
1375 761 1569 828 mitteS,
1621 761 1676 814 in
1726 779 1866 830 aqua

275 834 452 889 calida
499 852 714 903 coques,
769 836 935 903 levaS,
987 836 1043 888 in
1092 836 1293 904 patella
1347 852 1639 906 conponeS,
1696 835 1867 890 addes

273 908 474 976 folium,
526 909 698 980 piper,
751 910 873 977 mel,
925 909 1211 977 liquamen,
1267 909 1371 962 olei
1424 908 1708 976 modicum,
1765 926 1868 963 ova

276 987 328 1036 et
386 982 465 1037 sic
524 984 807 1051 obligabis,
868 985 923 1036 in
988 982 1352 1052 termospodio
1426 999 1640 1050 coqueS,

274 1057 522 1125 aspargis
564 1062 617 1110 et
653 1056 868 1112 inferes,

1713 983 1868 1053 piper

385 1131 510 1185 428.
551 1131 627 1184 In
667 1131 919 1185 echino
961 1130 1178 1184 salso:
1223 1129 1468 1184 echinum
1508 1131 1706 1183 salsum
1748 1147 1867 1185 cum

273 1205 560 1273 liquamine
601 1205 818 1277 optimc,
873 1222 1124 1272 car-oenc,
1177 1204 1384 1275 pipere,
1437 1204 1762 1272 temperabis
1817 1210 1869 1259 et

275 1295 538 1348 appones

387 1354 512 1406 429.
573 1352 769 1406 Aliter:
826 1351 1044 1406 echinos
1097 1351 1241 1417 salis,
1294 1350 1563 1418 liquamen
1617 1350 1870 1419 optimum

275 1425 544 1481 admisces
586 1430 639 1480 et
677 1426 829 1493 quasi
867 1430 1112 1480 recentes
1154 1441 1338 1478 omnes
1379 1427 1658 1493 putabunt,
1700 1425 1774 1478 ita
1814 1431 1870 1478 ut

276 1518 309 1553 a
351 1500 541 1554 balneo
583 1500 717 1554 sumi
755 1500 978 1569 possint.

388 1576 513 1628 430.
555 1575 630 1627 In
668 1574 961 1626 mitulis:
1003 1572 1290 1639 liquamen,
1332 1588 1547 1641 porrum
1579 1572 1868 1639 concisum,

277 1646 542 1716 ciminum,
582 1664 819 1716 passum,
860 1646 1164 1713 satureiam,
1206 1646 1400 1714 vinum,
1441 1646 1659 1699 mixtum
1699 1646 1869 1701 facies

277 1723 522 1789 aquatius
563 1726 616 1776 et
652 1721 727 1775 ibi
765 1721 974 1775 mitulos
1016 1737 1231 1787 coques·

277 1897 456 1987 nosutm,
472 1884 705 1987 igrppteps
718 1882 877 1927 Petito
898 1882 1029 1985 (ἓξὲξ)-

277 1957 381 1988 men
410 1977 419 1987 .
453 1955 481 1986 a
598 1956 646 1987 re
670 1955 739 1987 ae.
808 1956 893 1985 .m.
1019 1974 1030 1986 .

277 2007 331 2047 ut
360 1998 446 2046 fiat
477 2002 526 2046 id
557 2002 684 2057 passi
716 1955 862 2057 gessus
890 2001 1033 2045 docet

279 2061 458 2106 Colum.
482 2062 551 2112 12,
569 2062 640 2105 27.
673 2061 790 2104 Plin.
814 2060 883 2111 14,
916 2063 1030 2106 sect.

281 2122 300 2164 1
318 2122 351 2164 1.
384 2119 572 2177 Didym.
593 2119 802 2175 Geopon.
820 2120 860 2171 7,
877 2119 944 2162 18.
963 2120 1029 2161 19.

280 2205 333 2211 —
369 2185 461 2224 ter
493 2179 561 2222 65.
607 2183 702 2223 tres
742 2178 889 2222 undas
931 2177 1033 2222 364.

279 2240 496 2283 iterum
513 2238 567 2280 H.
599 2263 641 2267 —
671 2238 911 2282 coxeris
931 2237 1032 2280 278.

370 2297 433 2340 ad
465 2297 566 2340 426.
602 2310 691 2341 om.
724 2309 821 2352 par.
858 2322 911 2326 -
945 2299 1035 2339 to-

280 2360 432 2401 stum
481 2356 527 2399 in
579 2356 794 2412 quinque.
843 2378 896 2385 -ἡ
947 2353 1035 2399 fo-

280 2416 422 2460 lium
456 2416 557 2458 282.

372 2474 435 2518 ad
451 2474 553 2517 427.
589 2473 782 2518 colum
806 2485 909 2521 uva,
933 2472 1036 2516 dot-

280 2537 368 2603 ter.
418 2537 610 2577 totum
650 2532 723 2577 ed.
766 2545 833 2587 pr.
878 2532 933 2575 H.
979 2556 1028 2561 —-

280 2604 395 2696 2311?
409 2605 479 2695 ‘313¹
491 2604 597 2695 aa}
618 2604 782 2695 ⁰322}
797 2590 1039 2706 ‘23552333

280 2711 464 2755 ratione
498 2711 595 2753 121.

371 2769 433 2813 ad
450 2769 550 2813 428.
587 2781 862 2824 appones
894 2767 954 2811 ad
971 2768 1040 2823 ig-

283 2841 405 2880 nem,
437 2828 482 2872 in
520 2828 670 2872 cinere
694 2826 847 2871 calido
867 2839 1040 2882 coques

1209 1880 1389 1924 ad429.
1422 1878 1650 1925 echinis
1682 1882 1870 1926 salsis

1122 1944 1170 1984 et
1210 1939 1362 1983 salis
1405 1943 1452 1983 et
1492 1939 1737 1985 echinus
1780 1953 1871 1985 sat

1122 1999 1199 2042 lis
1232 1998 1367 2043 codd.
1397 1997 1648 2044 echinus
1679 2000 1870 2044 salsus

1122 2058 1257 2101 Hum.
1299 2083 1353 2089 -
1394 2058 1694 2113 aptabunt
1737 2058 1871 2103 codd.

1124 2117 1510 2172 apparebunt
1559 2118 1613 2160 H.
1660 2131 1875 2173 compen-

1125 2176 1250 2219 dium
1284 2176 1403 2219 solvi
1436 2189 1491 2220 ex
1524 2176 1563 2219 5.
1601 2203 1651 2209 -—
1688 2190 1716 2220 a
1748 2176 1875 2221 bal-

1125 2248 1233 2279 neo
1259 2234 1374 2278 Plin.
1399 2236 1470 2287 22,
1495 2236 1592 2278 137.
1621 2237 1717 2279 139.
1753 2235 1874 2280 Cels.

1126 2295 1168 2345 3,
1201 2295 1241 2337 6.
1274 2293 1331 2337 al.

1215 2353 1277 2396 ad
1307 2353 1408 2396 430.
1443 2352 1677 2397 mit-ulis
1709 2357 1757 2397 et
1787 2353 1876 2396 mi-

1127 2412 1292 2456 tulos
1326 2425 1426 2455 cum
1447 2414 1478 2462 β
1498 2412 1667 2467 plures,
1699 2424 1877 2455 meru-

1127 2471 1203 2514 lis
1237 2476 1284 2515 et-
1316 2471 1580 2515 merulos
1611 2470 1686 2527 γὸζ
1713 2471 1783 2515 ed.
1808 2484 1874 2526 pr.

1127 2530 1184 2575 H.
1230 2529 1285 2574 cf.
1329 2529 1542 2575 Schneid.
1576 2530 1668 2574 ind.
1703 2543 1788 2573 rer.
1833 2530 1877 2573 in

1129 2589 1295 2645 Script.
1314 2589 1379 2634 rei
1397 2594 1509 2632 rust.
1528 2603 1570 2644 p.
1591 2590 1689 2632 252.
1716 2587 1878 2632 Kirch-

1128 2662 1211 2692 ner
1251 2648 1312 2691 ad
1340 2649 1450 2692 Hor.
1491 2661 1623 2692 serm.
1659 2650 1699 2699 2,
1734 2649 1776 2700 4,
1808 2647 1876 2691 28.

1129 2707 1331 2759 mitulus,
1364 2707 1520 2751 mitlus
1549 2720 1621 2763 ap.
1644 2706 1817 2750 Athen.
1834 2707 1877 2757 3,

1130 2768 1203 2810 31.
1230 2780 1330 2810 mus
1358 2767 1553 2810 Martial.
1573 2768 1615 2818 3,
1634 2766 1705 2818 60,
1722 2765 1762 2808 4.
1782 2779 1877 2808 mu-

1129 2826 1299 2871 riculus
1338 2826 1452 2868 Enn.
1499 2824 1764 2882 hedyphag.
1809 2825 1877 2868 11.

1131 2897 1205 2940 ap.
1239 2884 1373 2927 Vahl.
1418 2898 1462 2940 p.
1501 2884 1597 2927 167.
1643 2883 1876 2927 musculus
