2066 3276
259 230 328 285 88
775 229 874 275 Lib.
903 228 980 275 IV.
1043 229 1315 276 PandecteS.

374 367 493 420 161.
548 364 714 418 Aliter
751 363 1020 416 mullos:
1074 363 1250 431 rades,
1290 365 1457 434 lavas,
1499 370 1754 437 conponis
1793 372 1847 425 in

257 437 463 508 patina,
506 438 710 492 adicies
754 438 944 504 oleum,
986 437 1269 505 liquamen,
1310 440 1506 508 vinum,
1546 442 1600 495 in
1631 450 1847 500 coctura

256 514 568 569 fasciculum
619 511 761 581 porri
802 515 854 564 et
893 511 1174 578 coriandri,
1227 512 1437 580 inponis
1478 520 1532 567 ut
1572 524 1842 585 coquatur.

256 592 397 642 teres
448 588 619 656 piper,
673 585 980 653 ligisticum,
1035 585 1328 653 origanum,
1384 589 1585 644 adicies
1627 593 1693 646 de
1732 594 1846 648 iure

254 678 349 715 suo
393 661 512 734 [hoc
555 659 623 714 de
663 658 901 730 patella],
956 658 1096 725 vin0,
1149 676 1311 727 passo
1351 666 1620 733 temperas
1686 668 1846 721 mittis

251 735 307 788 in
348 737 654 801 caccabum,
709 733 864 801 ponis
904 737 962 784 ut
999 732 1218 786 ferveat.
1275 737 1449 790 amolo
1492 740 1753 807 obligabis
1795 747 1847 795 et

252 811 507 878 patellam
538 812 728 877 postea
755 805 1063 875 perfundes),
1106 807 1261 875 piper
1284 812 1528 880 aspargis
1555 819 1606 867 et
1628 814 1842 869 inferes,

368 885 488 938 162.
532 884 844 935 Murenas
884 885 999 933 aut
1038 881 1397 947 anguillas
1438 888 1550 940 vel
1590 890 1844 943 mullos

251 957 328 1012 sic
368 958 566 1012 facies:
608 954 880 1025 purgabis,
925 971 1197 1022 conpones
1236 956 1291 1007 in
1323 959 1508 1025 patina
1544 961 1843 1030 diligent-er.

251 1031 454 1086 adicies
505 1032 560 1085 in
612 1028 918 1083 mortarium
969 1029 1137 1096 piper,
1190 1029 1493 1101 ligisticum,
1540 1036 1841 1104 origanum,

251 1111 501 1173 mentam,
545 1122 734 1173 cepam
775 1102 979 1155 aridam
1021 1107 1073 1155 et
1110 1101 1302 1156 fundes
1341 1107 1449 1159 vini
1489 1112 1841 1179 acetabulum,

248 1179 547 1247 liquaminis
583 1176 872 1243 dimidium,
914 1176 1084 1229 mellis
1123 1177 1328 1230 tertiam
1371 1187 1591 1249 partem,
1634 1185 1842 1239 modice

250 1252 530 1308 defrictum
570 1253 641 1306 ad
682 1251 947 1305 clucliare.
1001 1249 1198 1303 debent
1246 1258 1422 1307 autem
1462 1256 1564 1309 hoc
1602 1259 1717 1311 iure
1757 1276 1841 1312 co-

249 1328 381 1395 peri,
424 1333 480 1380 ut
518 1344 679 1395 super
719 1329 990 1378 cocturam
1029 1325 1258 1392 supersit
1296 1328 1497 1395 aliquid
1535 1330 1678 1385 iuris.

369 1403 489 1455 163.
532 1403 883 1454 Locustas
925 1402 989 1451 et
1026 1398 1355 1464 squillas:
1398 1407 1539 1457 teres
1572 1406 1741 1475 piper,
1782 1406 1839 1459 li-

338 1565 399 1608 ad
435 1563 534 1608 161.
578 1566 752 1611 codicis
787 1565 1002 1613 adices

248 1625 385 1669 oleo
420 1622 621 1671 fortasse
639 1630 711 1671 est
738 1626 914 1672 adice
939 1642 1003 1673 ex

247 1684 401 1734 oleo,
447 1689 499 1728 ut
530 1685 592 1729 sit
625 1687 909 1741 eleogarum.
946 1714 999 1720 -—

246 1743 550 1788 fasculum
584 1746 684 1790 cod.
724 1746 918 1791 volebat
952 1748 1002 1792 li:

247 1802 428 1848 brarius
446 1803 811 1850 fasciculum
829 1811 881 1850 ut
902 1808 998 1851 165.

246 1887 300 1892 —
330 1861 438 1906 hoc
470 1863 538 1908 de
562 1870 688 1918 pat.
723 1865 1002 1921 glossatoris

249 1921 394 1966 verba
429 1935 485 1966 ex
519 1923 615 1967 159.
651 1923 707 1968 cf.
735 1924 835 1978 „id“
874 1927 971 1969 120.

339 1981 400 2024 ad
420 1983 519 2025 162.
545 1981 832 2028 effundes
864 1985 1005 2030 vinu

246 2041 570 2086 acetabuli
595 2043 696 2087 cod.
724 2048 771 2088 et
795 2044 865 2088 ad
891 2045 1004 2088 clu-

246 2100 454 2152 cliare,
500 2101 562 2144 ad
605 2114 742 2157 quam
786 2104 1003 2160 syntaxin

246 2158 476 2204 adhibeas
494 2159 670 2216 Apulei
688 2162 739 2204 T.
761 2162 816 2205 II.
836 2176 880 2218 p.
901 2164 1000 2205 212.

249 2218 337 2272 „ad
383 2219 698 2276 contingere“‚
742 2221 830 2264 nisi
869 2221 1002 2266 malis

245 2277 318 2321 ad
351 2277 673 2326 dulcorem.
707 2284 760 2323 ut
784 2284 885 2324 erat
902 2294 1002 2325 ver-

215 2347 222 2351 ·
245 2336 355 2380 bum
377 2336 580 2381 dulciare
602 2342 649 2382 et
668 2337 856 2383 dulcare
891 2339 1002 2393 (Du-

233 2394 402 2440 -fresne
434 2396 480 2439 II
510 2411 556 2452 p.
588 2398 708 2451 960.)
743 2411 844 2442 cum
880 2412 1002 2449 com,-

245 2455 413 2510 positis
460 2455 691 2508 edulcare,
747 2457 1000 2510 indulcare,

247 2513 501 2558 obdulcare
551 2528 587 2559 e.
622 2529 666 2571 g.
715 2516 839 2571 apud
874 2515 999 2561 Cael.

244 2570 360 2616 Aur.
396 2572 515 2616 tard.
549 2573 592 2625 4,
629 2577 666 2616 1.
717 2579 999 2630 „coquentes

244 2634 387 2687 atque
435 2631 745 2676 obdulcantes
804 2634 902 2678 sale
952 2638 1000 2678 et

245 2690 378 2734 ole0“
426 2694 474 2734 et
512 2692 555 2742 3,
597 2692 639 2735 8.
685 2691 883 2745 „salsum
917 2693 998 2737 ob-

245 2748 510 2793 dulcatum“
557 2754 607 2794 et
639 2751 917 2795 condulcare
949 2752 996 2795 in

245 2807 454 2864 Vulgata
485 2808 675 2853 Siracid.
711 2810 782 2861 27,
817 2810 886 2853 26.
932 2811 999 2854 sic

246 2866 443 2912 alterum
486 2866 631 2913 fuisse
674 2869 861 2914 videtur
905 2869 998 2915 clu-

1096 1566 1234 1613 cliare
1257 1579 1338 1610 seu
1360 1566 1590 1613 elucidare
1623 1567 1839 1623 (clucida-

1094 1634 1168 1674 tus
1199 1626 1376 1673 Naevio
1401 1627 1445 1671 in
1463 1629 1643 1685 Fragm.
1668 1627 1839 1672 Comic.

1092 1703 1139 1745 p.
1164 1689 1230 1731 15.
1266 1686 1471 1731 restituit
1502 1688 1732 1744 Scaliger)
1765 1688 1839 1733 vel

1093 1748 1249 1803 potius
1282 1744 1505 1802 glucliare
1531 1753 1579 1792 et
1600 1748 1838 1804 glucidare

1094 1808 1158 1863 (in
1191 1806 1325 1850 huius
1357 1806 1485 1850 Verbi
1518 1806 1690 1851 familia
1708 1822 1740 1864 g
1765 1804 1839 1851 fir-

1095 1871 1247 1910 matur
1319 1865 1578 1910 nominibus
1650 1868 1838 1921 γλεῦκος,

1095 1924 1295 1981 ἇγλευκής
1327 1926 1374 1969 et
1405 1938 1572 1969 sanscr.
1602 1926 1778 1983 guljai.
1798 1939 1838 1969 e.

1097 1985 1262 2038 dulcis)
1311 1998 1377 2041 gr.
1426 1983 1672 2040 γλυκίὸὃειν,
1720 1986 1750 2033 i.
1799 1999 1838 2029 0.

1094 2044 1309 2100 γλυκίζειν,
1340 2043 1566 2100 γλυκάζειν,
1592 2046 1836 2099 γλυκαίνειν.

1096 2102 1151 2147 cf.
1192 2104 1316 2147 Fest.
1359 2117 1403 2158 p.
1438 2103 1508 2154 55,
1543 2105 1612 2148 11.
1663 2104 1734 2155 98,
1770 2104 1836 2147 10.

1095 2176 1151 2207 ex
1202 2162 1393 2217 antiquo
1450 2175 1592 2214 more,
1641 2163 1698 2206 (le
1747 2176 1837 2218 quo

1096 2221 1235 2266 etiam
1253 2221 1444 2265 Salmas.
1469 2222 1514 2264 in
1532 2221 1674 2265 Solin.
1701 2235 1743 2276 p.
1765 2222 1835 2264 51.

1095 2294 1118 2324 c
1149 2294 1234 2335 pro
1267 2294 1299 2335 g
1330 2280 1533 2335 positum
1558 2294 1659 2325 esse
1682 2281 1838 2324 obser-

1092 2340 1223 2383 vavit
1253 2340 1444 2383 Mueller
1475 2340 1534 2383 ad
1568 2341 1665 2384 eius
1695 2353 1837 2395 corgo

1091 2413 1137 2454 p.
1155 2399 1226 2449 37,
1245 2399 1285 2442 6.
1331 2411 1543 2442 cerrones
1574 2399 1646 2449 40,
1680 2399 1719 2441 6.
1764 2412 1837 2442 011-

1092 2458 1292 2501 turnium
1326 2458 1397 2508 51,
1433 2459 1470 2500 1.
1506 2457 1742 2501 Cermalus
1766 2458 1836 2509 55,

1092 2516 1133 2560 4.
1169 2516 1357 2560 culliola
1389 2516 1459 2566 50,
1496 2517 1564 2559 12.
1600 2521 1837 2560 cracentes

1092 2575 1163 2627 53,
1198 2577 1236 2619 7.
1271 2601 1325 2606 —-
1361 2575 1675 2619 def1·itu——
1711 2579 1836 2619 cot-

1090 2640 1281 2678 turam
1315 2634 1417 2678 eod.
1442 2660 1495 2664 —
1530 2634 1735 2690 coperi
1762 2647 1836 2678 co-

1091 2694 1207 2737 dicis
1240 2697 1311 2737 est
1341 2694 1582 2748 cooperiri,
1615 2693 1676 2736 ad
1690 2693 1759 2737 63.
1781 2717 1834 2722 -

1089 2766 1267 2808 super
1309 2765 1344 2796 c.
1379 2753 1499 2796 inter
1531 2751 1834 2807 coquendum,

1088 2810 1304 2855 Muetzell
1335 2811 1397 2854 ad
1429 2810 1555 2855 Curt.
1589 2811 1630 2861 6,
1662 2809 1733 2861 43,
1762 2810 1831 2854 27.

1089 2882 1148 2914 an
1180 2882 1354 2926 supra
1387 2874 1460 2914 c.?
