2066 3276
441 760 718 836 Incipit
756 758 960 835 Apici
1001 725 1197 815 oaeli
1238 754 1589 831 epimelas.

903 878 1034 933 ΜΒ.
1079 878 1120 933 1.

326 1018 371 1069 1.
416 1012 779 1069 Conditum
808 1011 1262 1084 paradoxum:
1298 1009 1515 1083 [conditi
1543 1008 1807 1081 paradoxi

215 1088 530 1162 conpositio]
563 1089 734 1143 mellis
763 1092 947 1160 partes
975 1088 1077 1141 XV
1102 1087 1157 1140 in
1197 1103 1423 1141 aeneum
1463 1101 1559 1139 vas
1599 1085 1808 1140 mittun-

206 1170 289 1219 tur
338 1164 645 1236 praemissis
693 1163 801 1216 vini
841 1162 1088 1216 sextariis
1129 1161 1354 1229 duobUS,
1405 1165 1461 1214 ut
1498 1161 1553 1213 in
1594 1165 1809 1215 coctura

206 1240 376 1295 mellis
427 1241 605 1292 vinum
659 1237 931 1304 decoquas
1003 1236 1146 1306 quod
1199 1236 1310 1304 igni
1359 1237 1503 1290 lento
1554 1240 1606 1288 et
1646 1234 1809 1289 aridis

211 1314 370 1381 lignis
425 1313 740 1367 calefactum
792 1316 1093 1364 conmotum
1139 1311 1312 1365 ferula
1367 1309 1510 1382 [dum
1551 1308 1807 1384 coquitur]

212 1389 256 1442 si
299 1389 556 1442 effervere
599 1386 852 1458 coeperit,
893 1386 1001 1438 vini
1044 1403 1163 1439 rore
1199 1386 1552 1456 conpescitur,
1596 1389 1810 1454 praeter

214 1463 351 1531 quod
389 1464 656 1515 subtracto
687 1462 799 1529 igni
832 1460 885 1512 in
919 1477 978 1513 se
1010 1460 1163 1514 redit.
1202 1477 1319 1513 cum
1348 1458 1667 1530 perfrixerit,
1701 1475 1809 1511 rur-

212 1554 301 1590 sus
343 1536 669 1602 accenditur,
718 1536 820 1589 hoc
875 1535 1111 1588 secundo
1153 1552 1217 1588 ac
1257 1533 1410 1587 tertio
1450 1533 1542 1587 fiet
1597 1550 1661 1587 ac
1701 1538 1811 1587 tum

214 1611 424 1666 demum
467 1616 726 1664 remotum
766 1628 798 1662 a
830 1609 952 1662 foco
989 1609 1245 1679 postridie
1281 1607 1642 1677 despumatur.
1685 1612 1811 1661 tunc

212 1685 415 1757 piperis
455 1702 574 1738 unc.
618 1685 743 1738 IIII.
790 1682 997 1737 contriti
1030 1683 1267 1736 masticis
1301 1682 1563 1753 scripulos
1591 1682 1688 1737 III.
1715 1681 1834 1756 foli-

213 1765 265 1814 et
304 1759 446 1814 croci
477 1758 730 1826 dragmas
770 1758 1008 1826 singulas
1059 1758 1375 1826 dactilorum
1416 1756 1622 1810 ossibus
1661 1756 1810 1810 torri-

217 1834 298 1888 dis
341 1835 571 1902 quinque
610 1833 677 1886 iis
714 1833 944 1900 denique
982 1831 1227 1909 [dactilis]
1268 1832 1392 1885 vino
1429 1831 1692 1899 emollitis,
1732 1831 1810 1884 in·

216 1908 524 1963 tercedente
579 1908 724 1978 prius
778 1907 1068 1961 suffusione
1120 1907 1230 1959 vini
1285 1905 1353 1959 de
1407 1922 1502 1959 suo
1544 1906 1705 1959 modo
1746 1923 1811 1960 ac

214 2000 434 2037 numero
475 1987 531 2035 ut
562 1983 747 2035 tritura
778 1982 912 2036 levis
944 1981 1220 2035 habeatur.
1262 1980 1344 2034 his
1380 1980 1622 2035 omnibus
1656 1997 1809 2052 para-

215 2058 281 2111 tis
320 2056 643 2128 supermittis
682 2057 791 2109 vini
830 2056 965 2110 lenis
1007 2055 1269 2109 sextarios
1308 2055 1509 2110 XVIII.
1550 2056 1811 2111 carbones

211 2131 456 2203 perfecto
498 2130 726 2185 aderunt
765 2131 870 2184 duo
914 2131 1075 2184 milia.

307 2295 515 2340 Graecos
536 2294 698 2338 titulos
730 2294 856 2350 apud
875 2294 968 2338 Ro·

216 2367 378 2399 manos
411 2355 457 2397 in
489 2367 575 2398 usu
606 2352 763 2405 fuisse,
798 2354 879 2397 sed
903 2354 968 2397 la-

217 2414 327 2458 tinis
360 2414 505 2458 literis
538 2418 771 2464 exaratos,
815 2418 968 2457 osten-

215 2473 284 2517 dit
310 2473 467 2518 Osann
484 2472 702 2516 Analect.
728 2472 839 2516 Crit.
869 2485 905 2515 c.
924 2471 968 2516 4.

213 2546 257 2587 p.
278 2533 348 2575 62.
382 2536 477 2575 not.
508 2533 545 2575 1.
580 2536 628 2575 et
649 2530 887 2576 Weichert
908 2530 970 2574 ad

214 2592 399 2636 Poetar.
434 2591 514 2634 lat.
548 2590 678 2646 reliq.
712 2604 755 2646 p.
791 2589 862 2632 46.
895 2590 968 2633 47.

215 2650 300 2694 Ad
333 2650 616 2694 adiectivum
650 2647 847 2702 ἐπιμελὴς
878 2662 970 2692 non

215 2715 267 2754 ut
310 2709 354 2753 in
397 2708 501 2753 aliis
544 2709 694 2752 titulis
727 2708 970 2763 suppletur

213 2769 362 2821 βίβλος
393 2768 476 2812 sed
503 2768 735 2822 ὃψοποίος,
769 2767 967 2812 Obsona—

217 2833 315 2879 tor3
363 2828 588 2884 coquinae
631 2827 854 2883 magister
885 2827 967 2870 Isi-

216 2887 318 2935 dori
352 2887 473 2947 Orig.
509 2887 581 2939 20,
614 2888 656 2940 2,
688 2887 759 2930 32.
795 2886 872 2944 qui
905 2886 966 2931 ci-

1060 2293 1146 2339 bos
1180 2293 1341 2338 condit
1372 2298 1420 2338 et
1451 2293 1610 2350 coquit
1649 2296 1697 2337 et
1729 2293 1810 2338 do-

1060 2353 1214 2397 minici
1241 2353 1428 2408 palatus
1450 2352 1667 2396 subtilem
1691 2353 1811 2396 noti-

1060 2413 1173 2456 tiam
1203 2411 1375 2456 habere
1404 2411 1561 2463 debet,
1585 2411 1708 2467 apud
1731 2411 1812 2456 Se-

1058 2483 1159 2514 nec.
1203 2484 1274 2526 ep.
1316 2471 1390 2523 47,
1430 2471 1472 2515 6.
1516 2496 1571 2500 -—
1614 2470 1810 2515 mellis

1060 2543 1163 2586 per
1206 2530 1342 2574 codd.
1385 2544 1453 2574 m.
1487 2534 1692 2585 partes
1735 2530 1810 2575 cd.

1060 2604 1128 2645 pr.
1170 2589 1305 2634 Hum.
1351 2589 1527 2633 conieci
1565 2589 1674 2633 olim
1706 2603 1811 2645 per

1059 2653 1265 2704 partes
1304 2649 1333 2692 i.
1376 2662 1412 2693 e.
1454 2649 1667 2704 partibus
1709 2649 1808 2693 188.

1058 2709 1159 2752 375.
1206 2721 1262 2752 ex
1304 2707 1470 2764 Veget.
1517 2712 1602 2751 art.
1637 2712 1733 2752 vet.
1765 2709 1808 2759 3,

1058 2769 1098 2819 6,
1135 2768 1203 2810 11.
1240 2767 1417 2823 Gargil.
1450 2767 1583 2811 Mart.
1618 2767 1676 2811 de
1708 2767 1807 2811 arb.

1056 2825 1216 2883 pomis.
1250 2828 1292 2877 3,
1324 2827 1364 2870 4.
1401 2830 1452 2870 ut
1493 2826 1574 2870 sit:
1618 2826 1810 2871 sextarii

1058 2885 1318 2944 quindecim
1349 2885 1500 2932 mellis
1535 2885 1582 2929 in
1611 2885 1809 2932 ahenum
