2066 3276
319 243 423 298 124

869 246 969 292 Lib.
996 246 1070 291 V1.
1135 247 1375 306 TropeteS.

317 376 511 431 elixato
553 378 814 445 omnibuS‚
874 380 1060 433 melius
1104 380 1200 433 erit
1239 382 1382 450 prius
1424 382 1467 434 si
1506 386 1683 438 tamen
1723 389 1901 438 exten-

314 454 550 504 terantur
590 469 686 523 per
732 457 910 520 guttur
949 456 1033 508 vel
1073 454 1126 505 in
1166 456 1401 508 ambicas
1442 457 1698 510 sublatae.

430 525 551 577 237.

619 527 951 581 Anserem
994 526 1250 581 elixum
1292 529 1593 582 calidum
1635 548 1713 583 ex
1753 531 1905 585 iure

311 597 584 665 frigido
623 599 992 668 apiciano:
1045 606 1187 654 teres
1239 604 1409 670 piper,
1463 603 1763 670 ligisticum‚
1819 622 1904 658 co-

312 671 511 723 riandri
551 689 754 737 semen,
806 679 1054 741 mentam,
1111 679 1297 742 rutam,
1351 677 1587 730 refundis
1639 678 1905 745 liquamen

314 749 367 797 et
408 746 581 799 oleum
636 747 865 814 modice,
919 753 1202 816 temperas
1259 767 1503 804 anserem
1559 751 1752 804 elixum
1805 751 1906 806 fer-

314 824 528 873 ventem
568 838 768 876 savano
809 821 1007 876 mundo
1062 822 1349 890 exiccabis7
1403 825 1483 877 ius
1527 824 1804 894 perfundis
1857 830 1909 880 et

312 891 523 949 inferes.

427 968 551 1022 238.
614 969 686 1021 In
726 970 924 1037 pullo
968 970 1156 1023 elixo
1196 971 1301 1023 ius
1343 971 1650 1024 crudum:
1704 971 1907 1026 adicies

316 1040 369 1095 in
410 1041 713 1096 mortarium
754 1043 900 1098 aneti
940 1060 1139 1113 semen,
1192 1049 1424 1100 menta-m
1465 1046 1679 1115 siccam,
1719 1046 1908 1103 lasa-ris

314 1219 386 1271 20,
419 1219 488 1264 94.
543 1221 732 1274 „melius
773 1221 812 1266 si
865 1235 967 1267 cum
1010 1223 1074 1267 la·

314 1282 442 1324 sere⁶⁴
479 1280 584 1325 coll.
619 1282 688 1325 23.
721 1280 796 1325 45.
824 1307 875 1312 —
912 1295 1075 1327 exen-

312 1342 597 1383 terantur
634 1356 705 1394 γπ.
771 1340 832 1384 ad
882 1340 955 1384 43.
1014 1340 1073 1385 cf.

315 1398 417 1441 372.
467 1399 568 1442 375.
611 1399 736 1443 Fest.
785 1413 828 1455 p.
879 1400 949 1450 79,
1008 1401 1074 1442 11.

318 1461 391 1501 est
421 1456 693 1511 ἕξεντερίζειν
734 1471 773 1502 e.
817 1472 861 1515 g.
911 1459 1077 1504 Galeni

317 1528 408 1561 sec.
443 1516 530 1560 loc.
567 1517 607 1568 7,
641 1518 682 1561 3.
730 1518 891 1573 ἔντερα,
936 1519 1077 1562 intes-

317 1575 416 1619 tina
449 1576 661 1628 eximere,
687 1577 959 1628 eviscerare,
986 1578 1073 1621 vis-

319 1646 425 1679 cera
473 1635 706 1690 expedire,
752 1649 918 1692 corpus
968 1648 1073 1680 eva-

320 1706 458 1738 cuare
475 1707 510 1738 s.
530 1706 729 1739 vacuare
746 1694 942 1739 Anthol.
970 1696 1071 1738 Lat.

319 1753 447 1797 1088.
484 1752 784 1798 vacuefacere
803 1755 915 1798 totis
941 1767 1073 1810 prae-

319 1812 504 1856 cordiis.
563 1811 704 1868 Apul.
751 1818 857 1858 met.
908 1814 949 1864 6,
997 1815 1068 1857 31.

317 1871 598 1915 emedullarc
631 1872 747 1915 Plin.
769 1874 839 1923 2⁶2,
873 1872 941 1915 87.
968 1885 1069 1916 aus-

318 1929 528 1980 nehmen,
592 1930 891 1975 aufbrechen.
958 1933 1069 1975 artis

320 1989 568 2045 singularis
603 2004 856 2046 coquorum
879 1997 993 2041 erat,
1020 1994 1071 2033 ut

244 2083 250 2087 .
319 2054 562 2093 assaturae
610 2050 820 2100 ἄσφακτοι
862 2050 1070 2093 videren-

318 2112 395 2151 tur
441 2120 590 2164 neque
636 2108 779 2152 ullum
822 2109 1071 2164 vestigium

316 2165 504 2210 lethalis
536 2167 607 2211 sui
640 2167 842 2211 vulneris
874 2168 1071 2211 ulliusve

317 2225 572 2280 apertionis
630 2226 914 2278 exhiberent,
973 2240 1073 2270 cum

319 2290 601 2328 tamennon
646 2286 795 2329 solum
838 2290 1075 2329 exentera-

315 2348 394 2387 tae
412 2343 496 2387 sed
514 2345 652 2388 etiam
669 2345 876 2400 Impensa
899 2343 1075 2388 farctae

323 2407 372 2446 et
389 2402 612 2458 oppletae
631 2408 798 2447 essent.
825 2402 880 2447 cf.
900 2403 1073 2447 Athen.

317 2462 360 2513 9,
396 2462 464 2505 19.
507 2462 577 2505 ⁶26.
611 2463 681 2505 27.
717 2488 768 2492 —-
801 2462 972 2507 abias
1001 2475 1076 2507 co-

320 2520 473 2565 dicum
512 2520 733 2577 legebam
778 2522 960 2566 obuas
994 2522 1077 2575 (sic

317 2579 363 2623 in
425 2578 671 2623 Philoxeni
707 2580 859 2625 Gloss.
894 2580 1072 2633 „obua“

317 2638 497 2691 ὄμβιξ“)
535 2638 562 2681 i.
598 2652 636 2682 e.
678 2639 864 2683 obbas
897 2645 954 2683 et
986 2639 1071 2683 ol·

317 2697 408 2740 las
441 2710 497 2741 ex
532 2697 630 2740 248.
666 2711 767 2741 cum
795 2711 906 2742 vero
933 2711 1073 2742 sonus

319 2756 484 2800 literae
515 2770 559 2800 m
592 2760 640 2800 et
670 2770 698 2799 n
722 2756 768 2800 in
793 2757 957 2802 mediis
982 2771 1073 2801 me-

317 2815 506 2860 diocris·
522 2814 660 2860 facile
707 2816 893 2860 excidat
932 2816 1073 2871 idque

318 2874 559 2924 vasculum
605 2880 766 2921 ventre
804 2874 1071 2931 protumido

1168 1222 1357 1268 Graecis
1388 1224 1516 1277 ὅμβιξ
1539 1222 1733 1274 dicatur,
1755 1223 1912 1269 Diosc.

1168 1285 1209 1332 ὃ,
1246 1284 1342 1327 110.
1377 1282 1548 1326 Athen.
1586 1285 1655 1332 11,
1682 1283 1751 1326 60.
1787 1283 1910 1328 Cael.

1168 1340 1328 1385 Aurel.
1365 1341 1518 1386 chron.
1562 1341 1605 1392 4,
1649 1342 1686 1385 7.
1730 1341 1912 1389 Philox.

1172 1400 1324 1445 Gloss.
1356 1414 1399 1457 p.
1424 1401 1519 1444 174.
1547 1401 1619 1445 ed.
1642 1399 1797 1457 Steph.
1823 1402 1912 1446 He-

1169 1459 1292 1517 sych.
1337 1461 1510 1513 ὅμβικα·
1554 1458 1735 1515 χύτραν,
1767 1458 1912 1509 κάδον,

1170 1519 1245 1563 vel
1293 1520 1485 1572 ἔμβικος,
1524 1518 1706 1575 fAthen.
1753 1521 1795 1570 4,
1841 1520 1911 1563 36.

1168 1578 1373 1675 ΕῐέΠΙΟῙ.
1407 1578 1464 1622 Μ.
1508 1578 1693 1631 ὄμβικον
1732 1578 1914 1633 χύτραν,

1166 1637 1215 1676 κά
1250 1654 1311 1687 ον,
1345 1637 1485 1680 malui
1517 1638 1780 1681 ambicas
1816 1650 1914 1681 cor-

1165 1697 1329 1752 rigere.
1363 1696 1470 1740 inde
1502 1696 1700 1740 articulo
1724 1696 1912 1740 arabico

1164 1756 1351 1799 adiecto
1385 1760 1535 1799 ortum
1578 1768 1680 1800 esse
1722 1755 1912 1799 alembi-

1165 1828 1263 1858 cum
1314 1820 1361 1857 et
1402 1815 1659 1870 linguarum
1702 1826 1911 1858 romana-

1162 1888 1258 1917 rum
1321 1873 1561 1924 lambicco,
1634 1872 1911 1929 alambique‚

1161 1931 1362 1977 alambic
1379 1933 1468 1975 iam
1496 1932 1655 1976 docuit
1673 1932 1910 1988 Dieszex.

1163 1992 1206 2035 d.
1241 2005 1353 2034 rom.
1387 2005 1477 2046 spr.
1511 2005 1556 2046 p.
1595 1992 1691 2035 198.
1741 1991 1802 2034 ad
1834 2003 1911 2034 va-

1162 2051 1456 2106 porationem
1469 2050 1780 2095 adhibebatur
1792 2050 1908 2093 Plin.

1162 2112 1233 2159 53,
1294 2111 1392 2152 123.
1443 2109 1519 2166 qui
1575 2109 1702 2153 illum
1761 2109 1910 2153 locum

1165 2169 1319 2212 Diosc.
1363 2169 1594 2212 convertit
1635 2181 1750 2212 voce
1793 2167 1912 2212 calix

1166 2240 1275 2271 usus
1295 2234 1377 2270 est.
1399 2227 1549 2271 Lister
1569 2232 1728 2280 „extra
1744 2240 1912 2282 aquam

1165 2287 1211 2329 in
1258 2286 1365 2330 altis
1411 2287 1608 2342 ambigis
1660 2298 1912 2341 suspensae

1166 2357 1432 2400 vaporeque
1464 2358 1615 2401 aquae
1648 2351 1809 2389 coctae
1850 2344 1912 2388 ad

1167 2403 1419 2448 faciliorem
1439 2404 1832 2459 deplumationem
1850 2404 1911 2448 le-

1167 2463 1433 2519 nioremque
1467 2463 1804 2507 elixationem“.
1853 2463 1911 2506 si-

1166 2522 1263 2565 mili
1304 2523 1348 2565 in
1395 2535 1444 2566 re
1493 2523 1763 2566 submittere
1808 2522 1908 2566 373.

1252 2640 1314 2683 ad
1346 2641 1444 2684 237.
1481 2653 1547 2684 ex
1577 2640 1704 2684 iure
1737 2639 1807 2684 ed.
1841 2651 1908 2694 pr.

1162 2699 1217 2742 H.
1251 2712 1336 2754 pro
1370 2704 1429 2743 et
1459 2699 1489 2745 i.
1522 2697 1579 2743 cf.
1612 2700 1713 2743 376.
1758 2723 1811 2728 -
1840 2710 1909 2741 se-

1162 2771 1265 2802 men
1298 2758 1344 2801 in
1378 2772 1469 2802 uno
1501 2763 1545 2809 β.
1581 2783 1632 2790 -
1682 2768 1908 2801 savano

1251 2876 1310 2918 ad
1344 2875 1442 2921 238.
1504 2874 1654 2919 simile
1694 2874 1764 2919 ius
1807 2873 1907 2920 287.
