2066 3276
289 259 358 316 98
815 259 913 307 Lib.
933 259 1011 307 IV.
1074 262 1345 310 Pandectes.

289 396 479 448 breves
520 394 772 449 concidis,
813 396 1117 463 liquamine,
1161 397 1296 462 ole0,
1337 397 1478 462 vin0‚
1520 403 1673 451 aceto
1713 400 1870 469 ponis

288 473 344 520 ut
394 468 614 522 ferveat.
668 486 785 522 cum
838 469 1105 535 fervucrit‚
1158 474 1299 522 teres
1350 470 1522 539 piper,
1568 472 1870 539 ligisticum‚

288 542 549 608 gingiber,
604 542 853 612 piretrum
908 543 1188 609 modicum,
1238 542 1472 609 fricabis,
1515 545 1776 597 suffundis
1819 552 1871 599 et

286 614 454 668 facies
495 620 550 667 ut
588 616 772 669 bulliat
809 617 1009 686 patina.
1053 633 1156 669 ova
1196 616 1451 685 conplura
1491 617 1780 684 confringis
1822 624 1874 672 et

287 688 367 740 ius
408 689 643 742 mortarii
664 689 923 755 reliquum
954 705 1255 755 conmoveS,
1300 690 1595 757 conmisciS,
1638 692 1874 761 patinam

289 762 568 829 obligabis.

288 883 361 923 tur
378 878 486 934 apio
505 878 653 930 dulce,
682 879 887 935 integras
904 878 1033 934 plan-

287 943 375 981 tas.
407 937 614 981 Rumohr
643 938 774 982 Geist
793 939 874 982 der
891 937 1034 982 koch-

286 996 430 1040 kunst
460 1010 502 1051 p.
540 998 636 1039 121.
684 1010 802 1050 „von
835 997 918 1041 der
948 998 1034 1040 ita·

287 1055 538 1100 lienischen
577 1060 651 1098 art
691 1055 866 1100 welche
898 1055 1033 1100 keine

287 1114 475 1158 knollen
509 1118 704 1167 ansetzt,
737 1114 866 1159 mehr
889 1115 935 1158 in
959 1115 1033 1159 die

287 1172 461 1217 blatter
502 1172 700 1218 schiesst
742 1173 838 1217 und
869 1173 1035 1218 milder

288 1230 540 1284 schmeckt,
565 1232 650 1276 isst
666 1245 771 1276 man
795 1233 870 1277 die
889 1246 1036 1288 ganze

290 1290 487 1347 pflanze,
529 1292 698 1335 wurzel
738 1291 832 1335 und
863 1291 1037 1335 blatter

291 1355 509 1407 gesotten
542 1351 654 1394 oder
680 1349 952 1406 gedaempft
968 1351 1037 1394 als

291 1422 539 1520 glbglextrnoug?
564 1443 704 1523 vulp
720 1423 807 1513 ovsu
819 1409 875 1512 Iol:7
889 1422 979 1512 quu
990 1413 1038 1511 lg}

292 1527 411 1579 bos,
459 1527 673 1583 pulvos
722 1533 769 1571 et
816 1527 1036 1572 bulvos

291 1587 427 1631 codd.
462 1592 509 1630 et
543 1587 640 1630 182.
664 1587 915 1631 309--313.
934 1586 1033 1630 384.

292 1646 509 1700 „bulvas“
555 1646 601 1689 in
643 1645 771 1689 libris
814 1645 1038 1689 Macrobii

288 1711 378 1750 sat.
413 1706 452 1757 7,
491 1704 557 1749 14.
587 1706 622 1748 1.
660 1704 763 1748 coll.
782 1704 945 1748 Isidor.
967 1706 1035 1755 17,

287 1767 328 1816 9,
365 1765 431 1808 15.
465 1765 535 1808 88.
572 1765 641 1816 17,
676 1765 744 1815 10,
771 1765 838 1807 19.
873 1764 1034 1816 πολφοὶ

286 1825 440 1876 βολβοὶ
485 1823 692 1868 Erotian.
739 1823 891 1868 Gloss.
925 1823 1035 1878 Hip-

286 1896 411 1939 pocr.
454 1896 495 1938 p.
532 1882 634 1926 314.
679 1887 730 1926 ut
772 1882 955 1925 variant
989 1883 1035 1924 in

287 1943 426 1987 vulva
464 1946 511 1986 et
542 1941 685 1986 bulba
716 1941 786 1984 54.
831 1940 1031 1984 Macrob.

284 2007 371 2046 sat.
414 2002 456 2053 3,
502 2001 571 2053 18,
615 2001 653 2043 6.
692 2000 805 2044 cod.
847 2000 1031 2044 salmas.

284 2074 356 2116 ap.
406 2060 552 2116 Sillig.
601 2059 718 2104 Plin.
772 2060 823 2103 T.
872 2059 926 2103 V.
991 2072 1033 2114 p.

282 2119 497 2171 XXXIV,
541 2120 611 2162 22.
649 2120 716 2162 12.
759 2118 944 2163 boletar
987 2122 1035 2162 et

284 2179 375 2224 vol.
426 2180 497 2223 53.
548 2191 719 2223 vervex
762 2183 810 2222 et
855 2177 1031 2221 berbex

283 2251 357 2294 ap.
401 2239 586 2283 Petron.
632 2237 702 2289 57,
736 2238 775 2280 2.
840 2237 1027 2291 Vopisc.

282 2298 441 2342 Aurel.
492 2298 561 2340 50.
613 2302 660 2340 et
706 2297 751 2339 in
798 2296 1029 2340 sexcentis

281 2357 399 2409 aliis,
418 2357 558 2401 etiam
575 2356 621 2399 in
638 2355 1030 2411 inscriptionibus.

282 2430 381 2460 cum
416 2430 526 2461 vero
559 2415 765 2459 Isidorus
805 2415 868 2466 19,
891 2415 933 2464 8,
958 2414 1027 2457 88.

282 2477 352 2526 17,
389 2476 457 2526 10,
493 2476 561 2519 19.
598 2474 725 2518 dicat
746 2473 898 2526 „volvi
916 2472 1029 2517 dicti

281 2534 407 2590 quod
453 2534 545 2577 sint
591 2533 820 2577 volubiles
864 2538 912 2576 et
957 2545 1030 2575 ro-

279 2593 455 2644 tundi“,
505 2606 562 2636 ex
610 2592 892 2648 cogitatione
936 2591 1027 2634 Ro-

278 2666 516 2697 manorum
563 2655 801 2707 praestare
843 2650 1028 2694 videtur

278 2713 443 2756 volvus
476 2725 509 2755 s.
544 2711 725 2755 vulvus.
759 2710 1028 2766 designatur

278 2771 337 2816 ab
370 2771 558 2827 Apicio,
592 2774 644 2814 ut
675 2769 853 2813 Arnob.
892 2769 1024 2820 7,16.

277 2832 334 2874 al.
369 2830 601 2887 peculiare
624 2829 857 2885 quoddam
881 2840 1026 2884 genus

277 2891 336 2936 ab
380 2890 582 2949 antiquis
625 2889 687 2933 ad
729 2889 858 2935 cibos
896 2887 1025 2931 adhi-

647 763 787 815 Dum
827 763 993 830 duciS,
1043 779 1369 829 oenogarum
1409 763 1479 815 ad
1521 781 1639 817 eam
1678 765 1755 818 sic
1794 765 1871 819 fa-

1124 878 1286 931 bitum,
1334 879 1581 935 praecipue
1627 881 1673 924 in
1718 883 1876 927 coenis

1124 938 1410 993 nuptialibus
1442 940 1543 982 311.
1586 940 1693 995 quIa
1724 941 1874 986 Vene-

1125 1010 1220 1041 rem
1244 997 1545 1042 stimulabant
1562 1002 1684 1043 teste
1702 1000 1875 1045 Sereno

1125 1055 1309 1100 Samon.
1345 1057 1443 1100 688.
1477 1057 1676 1102 Martial.
1709 1060 1778 1111 13,
1800 1060 1872 1103 34.

1126 1116 1198 1159 cui
1237 1116 1279 1166 3,
1314 1115 1382 1166 75,
1415 1116 1459 1162 3.
1503 1115 1716 1161 dicuntur
1757 1118 1875 1162 sala-

1126 1187 1215 1225 ces,
1258 1178 1309 1217 ut
1354 1173 1478 1219 Cael.
1520 1174 1682 1220 Aurel.
1718 1176 1874 1237 chron.

1127 1234 1169 1284 2,
1206 1235 1225 1275 1
1261 1246 1305 1288 p.
1353 1234 1450 1276 110.
1493 1234 1693 1288 pruriosi
1738 1237 1876 1290 (male

1127 1291 1192 1335 ibi
1248 1292 1419 1347 legitur
1481 1293 1676 1347 „squilla
1739 1308 1877 1350 quam

1127 1350 1269 1406 vulgo
1314 1350 1469 1394 vulum
1511 1351 1765 1405 pluriosum
1796 1367 1877 1399 vo-

1129 1409 1295 1462 cant“).
1329 1409 1530 1464 agrestis
1563 1415 1634 1454 est
1657 1415 1704 1455 et
1726 1412 1879 1457 adhuc

1129 1480 1157 1511 a
1188 1468 1468 1512 messoribus
1501 1470 1681 1524 graecis
1714 1471 1878 1516 eodem

1128 1528 1311 1571 nomine
1370 1526 1534 1579 βολβὸς
1591 1529 1665 1573 vel
1712 1530 1879 1585 βορβός

1128 1591 1314 1630 servato
1374 1586 1540 1638 editur,
1602 1586 1877 1645 hyacinthus

1129 1658 1342 1690 comosus
1387 1646 1438 1689 L.
1478 1647 1675 1690 muscari
1723 1661 1876 1692 como-

1127 1717 1226 1747 sum
1269 1703 1426 1748 Willd.
1475 1704 1874 1762 muskhyacinthe,

1128 1761 1556 1819 schopfhyacinthe.
1603 1763 1657 1808 cf.
1680 1764 1875 1809 Salmas.

1127 1822 1232 1878 Hyl.
1282 1822 1384 1865 iatr.
1434 1835 1469 1865 c.
1530 1823 1625 1866 114.
1675 1823 1875 1881 interpp.

1126 1882 1187 1924 ad
1204 1881 1449 1924 Erotian.l.
1469 1880 1497 1924 l.
1516 1894 1558 1936 p.
1582 1882 1679 1926 108.
1708 1882 1873 1938 Spren-

1126 1940 1202 1996 gel
1256 1940 1317 1983 ad
1366 1939 1595 1995 Theophr.
1658 1942 1696 1992 1,
1744 1942 1785 1993 6,
1835 1943 1873 1986 7.

1126 1999 1282 2045 Diosc.
1307 1999 1348 2049 2,
1368 1999 1466 2042 200.
1501 1999 1733 2043 Dierbach
1749 2001 1871 2045 Flor.

1125 2059 1240 2113 apic.
1276 2061 1311 2110 ξ.
1345 2058 1417 2101 30.
1461 2057 1543 2100 Ian
1575 2058 1635 2102 ad
1667 2060 1872 2105 Macrob.

1124 2118 1178 2160 ΙΙ.
1222 2131 1282 2172 p..
1311 2117 1410 2159 626.
1452 2115 1630 2161 fabrilis
1672 2118 1771 2162 384.
1823 2143 1870 2148 —

1121 2176 1357 2232 gigeria
1396 2175 1487 2218 iam
1519 2176 1652 2220 Hum.
1687 2177 1873 2232 scripsit

1120 2249 1204 2291 pro
1236 2234 1567 2291 gingibera,
1600 2235 1661 2278 ad
1696 2235 1792 2279 141.
1818 2261 1871 2266 ——

1121 2294 1388 2338 ancellas
1448 2294 1584 2338 codd.
1650 2299 1702 2338 ut
1767 2295 1869 2339 372.

1128 2353 1220 2397 194.
1246 2353 1347 2397 200.
1373 2352 1506 2396 Hum.
1533 2353 1733 2397 correxit
1755 2353 1871 2397 avi-

1122 2413 1324 2457 cellas.
1368 2412 1551 2455 aucella
1595 2413 1668 2456 vel
1701 2412 1872 2456 ancilla

1122 2471 1315 2528 (Apulei
1351 2475 1457 2515 met.
1493 2472 1534 2523 9,
1567 2472 1639 2516 33.
1672 2485 1716 2527 p.
1750 2471 1870 2524 840.)

1122 2536 1193 2576 est
1226 2531 1546 2574 diminutivum
1578 2531 1706 2574 vocis
1739 2542 1870 2581 auca,

1120 2590 1240 2634 unde
1287 2589 1527 2634 Gallorum
1571 2589 1703 2633 oison
1758 2589 1868 2645 (Du-

1118 2649 1270 2693 fresne
1319 2649 1469 2693 Gloss.
1515 2648 1561 2691 in
1604 2661 1703 2692 voc.
1741 2648 1777 2691 1.
1823 2660 1869 2703 p.

1117 2709 1218 2753 476.
1261 2708 1372 2752 Diez
1415 2708 1503 2752 lex.
1553 2707 1594 2751 d.
1630 2721 1741 2751 rom.
1777 2719 1869 2761 spr.

1117 2782 1162 2824 p.
1197 2768 1296 2810 241.
1344 2766 1443 2810 242.
1488 2767 1589 2812 362.
1628 2766 1728 2809 363.
1762 2764 1867 2819 464)

1118 2832 1166 2872 et
1197 2822 1431 2883 significat
1474 2825 1731 2882 quamlibet
1772 2823 1868 2868 avia

1118 2887 1282 2940 culam,
1314 2890 1367 2931 ut
1398 2884 1495 2930 ital.
1529 2883 1724 2936 uccello,
1756 2882 1866 2928 hod.
