2066 3276
704 235 803 283 Lib.
822 237 943 283 VIII.
978 237 1222 295 Tetrapus.
1676 240 1776 295 171

299 372 421 425 372.
464 371 857 425 Porcellum
898 370 1220 426 farsilem
1263 371 1539 427 duobus
1580 388 1778 441 gene-

186 446 406 499 ribus:
450 463 618 513 curas,
662 463 694 498 a
728 450 940 512 gutture
969 451 1287 514 extenteraS,
1333 446 1384 519 [a
1423 446 1650 519 cervice]
1700 465 1777 501 or·

185 537 296 574 nas,
327 524 612 586 antequam
641 519 949 605 praedures,
992 522 1303 589 suba-peries
1332 521 1626 575 auriculam
1656 523 1776 576 sub-

187 600 360 661 caute,
414 595 587 648 mittes
638 594 918 661 inpensam
959 595 1273 648 terentinam
1315 595 1369 647 in
1409 596 1645 650 vesicam
1686 597 1777 650 bu-

186 669 380 734 bulam,
438 668 560 720 exin
611 668 837 721 fistulam
890 669 1074 721 aviarii
1126 675 1296 723 rostro
1337 669 1551 723 vesicae
1591 670 1777 738 alliga

187 742 283 809 bis,
326 759 425 810 per
465 759 620 809 quam
674 741 940 809 exprimes
992 724 1066 794 in
1102 760 1285 797 aurem
1328 748 1579 810 quantum
1621 761 1776 813 cepe-

185 817 266 882 rit,
308 820 498 886 postea
551 821 698 870 carta
750 815 1068 882 praecludes
1111 822 1162 870 et
1200 817 1466 871 infiblabis
1535 822 1587 870 et
1623 835 1778 903 prae-

184 889 399 957 parabis
449 890 608 942 aliam
656 890 953 958 inpensam,
1009 890 1086 944 sic
1151 890 1348 944 facies:
1416 895 1557 944 teres
1607 892 1776 961 piper,

183 963 485 1031 ligisticum,
529 964 821 1031 origanum,
865 963 1053 1017 lasaris
1093 964 1330 1018 radicem
1358 964 1641 1032 modicum,
1671 965 1776 1018 suf-

186 1036 376 1091 fundes
403 1037 687 1104 liquamen,
720 1036 924 1090 adicies
953 1039 1221 1091 cerebella
1252 1043 1420 1105 cocta,
1464 1056 1567 1092 ova
1594 1039 1776 1106 cruda,

184 1112 375 1164 alicam
418 1116 638 1178 coctam,
679 1112 760 1164 ius
800 1110 868 1164 de
909 1128 1003 1164 suo
1045 1112 1161 1179 sibi,
1217 1113 1260 1166 si
1311 1112 1471 1166 fuerit
1522 1114 1777 1180 ancellas,

184 1185 419 1252 nucleOS,
462 1186 618 1254 piper
649 1186 930 1253 integrum,
960 1186 1247 1254 liquamine
1275 1193 1559 1254 temperas.
1603 1188 1778 1258 inples

184 1259 495 1327 porcellum,
539 1265 686 1313 carta
727 1258 966 1313 obducas
1008 1265 1059 1313 et
1097 1261 1265 1315 fiblas.
1312 1262 1459 1314 mitte
1489 1261 1560 1314 sis
1588 1261 1641 1313 in
1670 1260 1774 1314 fur-

185 1350 324 1385 num.
394 1350 511 1387 cum
566 1339 746 1388 coctus
798 1332 972 1402 fuerit,
1029 1351 1310 1403 exoneras,
1377 1335 1672 1405 perunguis
1727 1340 1779 1390 et

183 1406 395 1461 inferes,

1029 1571 1093 1614 cis
1142 1571 1310 1616 dicitur
1370 1570 1572 1626 ὃρνιθών,
1631 1572 1780 1616 altilia

1028 1636 1159 1674 curat
1206 1636 1253 1675 et
1300 1630 1436 1675 farcit
1490 1631 1610 1675 unde
1668 1631 1781 1676 alibi

185 1576 245 1616 to
281 1570 381 1614 cod.
418 1583 612 1625 quorum
654 1570 811 1613 ultima
843 1584 935 1615 non

183 1631 281 1676 sine
323 1629 600 1673 difficultate
641 1633 759 1672 sunt.
805 1643 935 1673 exu-

183 1695 328 1748 gato
378 1693 449 1732 est
496 1693 765 1735 exucato
816 1690 934 1733 exic—

187 1753 307 1800 οπο,
355 1762 438 1803 pel
485 1747 710 1792 sabanum
758 1748 934 1792 siccato

182 1808 281 1853 376.
326 1807 424 1851 239.
470 1811 517 1852 et
548 1806 681 1851 aedi
721 1807 935 1851 mendum

184 1867 313 1912 cuius
346 1879 486 1910 causa
528 1879 725 1922 sequens
757 1867 935 1910 vocalis

182 1940 267 1983 pro
301 1926 464 1970 aedo.
500 1952 555 1957 —
583 1926 756 1981 ponis
790 1938 934 1982 appo-

182 1986 266 2038 nis,
300 1983 483 2036 inferes,
517 1998 575 2028 an
603 1984 689 2037 „ad
713 1985 892 2041 ignem“
910 1986 933 2029 ‘?

272 2044 332 2087 ad
365 2045 464 2087 372.
501 2048 548 2088 et
582 2056 715 2088 aures
748 2049 801 2088 ut
831 2046 930 2088 382.

184 2107 233 2148 et
263 2107 424 2147 venter
441 2104 658 2159 impletur
690 2104 773 2147 sed
803 2105 933 2147 varia

184 2163 404 2218 impensa.
449 2166 796 2207 extenteras
829 2164 932 2210 236.

184 2247 237 2253 -
286 2222 394 2277 quia
435 2221 606 2265 Nostro
639 2234 667 2264 a
700 2222 932 2266 cervice

182 2280 305 2325 idem
340 2280 465 2336 quod
486 2293 514 2323 a
537 2284 796 2336 gutture,
818 2282 934 2325 illud

182 2338 438 2394 marginale
497 2345 568 2383 est
620 2339 796 2384 librarii
841 2354 934 2383 mc-

182 2399 323 2442 moris
367 2410 422 2451 „a
464 2398 642 2442 cervice
685 2398 930 2454 expedies“

183 2458 284 2501 252.
312 2482 363 2487 -
388 2457 681 2511 perdures
715 2458 850 2502 codd.
876 2456 931 2501 cf.

182 2515 287 2559 374.
320 2516 419 2559 384.
455 2517 553 2559 292.
586 2517 684 2560 250.
723 2542 774 2545 -—
811 2517 933 2560 sub-

184 2578 358 2619 cautc
402 2587 517 2619 corr.
561 2588 646 2630 pro
690 2575 792 2619 sub
842 2589 934 2620 cu-

182 2639 296 2678 tem
354 2633 593 2689 impens.
652 2635 932 2678 terentin.

183 2693 253 2736 53.
275 2716 315 2723 -
347 2692 376 2736 b
392 2693 628 2737 ubulum
649 2693 785 2738 codd.
804 2706 935 2749 prae-

182 2755 254 2796 ter
300 2751 371 2796 ed.
420 2766 488 2807 pr.
539 2779 590 2784 —
623 2754 774 2797 ‘exin
817 2766 932 2797 corr.

182 2823 267 2865 pro
316 2814 374 2855 et
422 2811 492 2854 in.
544 2837 596 2841 —-
655 2813 933 2856 aviarius

185 2870 264 2925 qui
294 2870 340 2913 in
382 2871 573 2922 aviario‚
618 2872 746 2927 quod
791 2871 931 2916 Grae-

1026 1688 1174 1733 fartor
1206 1691 1359 1734 avium
1400 1695 1609 1740 vocatur,
1651 1690 1779 1735 Iahn.

1026 1748 1178 1793 Iahrb.
1238 1750 1294 1793 66
1351 1763 1395 1805 p.
1445 1750 1544 1794 218.
1598 1755 1645 1794 et
1677 1750 1780 1794 alti-

1026 1808 1185 1853 liarius
1234 1809 1278 1852 in
1331 1809 1541 1864 Inscript.
1595 1809 1778 1864 ὀρνιθο-

1028 1866 1162 1921 κὸμος
1179 1881 1253 1923 ap.
1287 1868 1485 1924 Procop.
1510 1868 1712 1914 Vandal.
1742 1871 1780 1920 1,

1026 1927 1066 1969 2.
1088 1927 1403 1982 ὄρνιθ-οτρόφος
1429 1928 1474 1971 in
1496 1927 1649 1974 Gloss.
1675 1927 1781 1972 Phi·

1025 1986 1115 2030 lox.
1161 1986 1345 2031 oiseHer
1386 1987 1678 2031 Francorum.
1726 2013 1778 2017 -

1025 2050 1231 2090 rostro
1267 2046 1405 2096 collo,
1460 2046 1657 2101 τραχήλῳ
1694 2046 1777 2087 κύ-

1024 2120 1150 2151 στεως
1166 2105 1374 2149 Erotian.
1390 2105 1540 2150 Gloss.
1561 2106 1778 2162 Hippocr-

1022 2177 1064 2219 p.
1099 2165 1200 2208 332.
1248 2191 1300 2194 ss
1346 2178 1401 2208 ex
1446 2165 1583 2208 codd.
1619 2166 1780 2210 reduxi

1023 2222 1330 2274 infiblare‚
1355 2222 1598 2275 fiblare‚
1622 2223 1781 2269 fibla

1025 2281 1475 2337 proinfibulare,
1501 2282 1779 2335 fibulam,

1025 2339 1242 2392 fibula,
1287 2346 1338 2385 ut
1381 2346 1451 2385 est
1493 2337 1780 2387 fiblatorium

1025 2412 1097 2455 ap.
1133 2400 1332 2445 Trebell.
1366 2401 1485 2445 Poll.
1533 2401 1590 2446 de
1622 2402 1779 2458 Regil-

1025 2459 1148 2503 liano
1182 2472 1344 2515 sagum
1379 2460 1504 2515 quod
1536 2456 1650 2504 fibla
1674 2474 1778 2505 nec-

1026 2518 1138 2562 titur
1169 2519 1244 2562 vel
1287 2519 1541 2575 stringitur,
1586 2519 1641 2564 cf.
1681 2520 1779 2564 Sal-

1025 2590 1135 2620 mas.
1180 2591 1224 2632 p.
1268 2578 1368 2621 302.
1415 2579 1513 2622 sive
1553 2579 1604 2621 T.
1650 2579 1693 2622 II
1733 2593 1777 2634 p.

1027 2637 1125 2679 276.
1160 2635 1388 2681 Dufresne
1419 2637 1571 2682 Gloss.
1605 2638 1656 2680 T.
1692 2638 1780 2682 VII

1024 2708 1067 2750 p.
1133 2695 1233 2739 349.
1299 2691 1647 2740 infirmaculum.
1712 2697 1781 2740 sic

1023 2754 1227 2798 surclare
1276 2756 1334 2798 al.
1393 2781 1445 2786 -
1493 2756 1779 2800 modicum

1024 2813 1338 2858 adverbiascit
1394 2818 1445 2858 ut
1502 2815 1663 2859 minus.
1723 2840 1777 2846 —-

1023 2873 1072 2917 si
1105 2873 1378 2929 absorptum
1421 2878 1468 2918 et
1498 2873 1574 2918 hic
1605 2874 1778 2920 adden-
