2066 3276
279 235 382 291 102
818 234 918 284 Lib.
950 237 1007 284 V.
1071 238 1282 297 Ospreos.

274 369 341 423 tis
379 369 433 422 in
474 372 764 424 caccabum
803 388 966 442 supra
1007 373 1273 426 cerebella
1307 377 1359 426 et
1387 373 1619 442 pulpam.
1662 374 1749 426 ubi
1777 391 1857 427 sa-

274 443 340 497 tis
379 443 552 511 fuerit,
597 462 713 497 cum
752 444 866 499 iure
905 446 1112 499 misces.
1157 463 1225 500 ex
1264 446 1364 499 hoc
1386 446 1640 515 paulatim
1669 447 1858 502 alicam

275 518 510 570 condies.
555 518 651 571 sed
691 518 771 572 ius
811 524 867 571 ut
907 519 1059 586 quasi
1097 536 1253 573 sucus
1294 519 1552 574 videatur.

391 592 508 643 186.
550 592 795 645 Pultes
834 592 1149 647 iulianae
1191 593 1268 647 sic
1304 598 1626 659 coquantur:
1669 594 1859 647 alicam

271 669 556 732 purgatam
607 665 859 732 infundis,
912 683 1127 732 coques.
1168 666 1335 721 facies
1377 673 1432 719 ut
1461 667 1697 721 ferveat.
1741 685 1858 722 cum

270 737 538 806 fervuerit,
571 740 743 792 oleum
772 740 948 794 mittis.
982 757 1097 793 cum
1125 741 1451 811 spissaverit,
1491 741 1606 795 lias,
1643 741 1858 796 Adicies

271 813 540 880 cerebella
593 814 696 866 duo
752 819 904 868 cocta
957 819 1008 867 et
1060 815 1308 868 selibram
1357 815 1556 884 pulpae
1597 816 1749 882 quasi
1788 816 1859 869 ad

268 885 421 939 isicia
459 886 668 954 friatae‚
726 905 842 940 cum
885 888 1163 942 cerebellis
1203 893 1345 942 teres
1388 894 1439 942 et
1475 889 1529 941 in
1571 891 1858 943 caccabum

268 960 460 1013 mittes.
503 965 643 1014 teres
684 961 854 1032 piper,
895 961 1197 1029 ligisticum,
1240 963 1458 1016 feniculi
1497 979 1697 1029 semen,
1753 963 1857 1016 suf-

267 1033 446 1087 fundis
485 1034 754 1101 liquamen
798 1040 849 1089 et
887 1035 1066 1088 vinum
1105 1036 1314 1090 modice
1359 1042 1409 1090 et
1447 1037 1606 1089 mittis
1644 1038 1699 1090 in
1740 1054 1856 1091 cac-

269 1110 459 1161 cabum
499 1125 660 1180 supra
700 1110 966 1163 cerebella
1008 1115 1059 1163 et
1097 1111 1331 1178 pulpam.
1387 1111 1475 1164 ubi
1515 1110 1642 1163 satis
1682 1110 1856 1177 fuerit,

269 1198 387 1235 cum
426 1182 541 1236 iure
579 1184 788 1237 misces.
834 1200 902 1237 ex
940 1183 1042 1237 hoc
1081 1184 1338 1252 paulatim
1388 1185 1579 1238 alicam
1622 1185 1854 1237 condies.

266 1256 363 1309 sed
415 1255 487 1308 ad
536 1258 745 1310 trullam
795 1258 1086 1328 permisces
1142 1263 1193 1312 et
1243 1258 1342 1311 lias
1393 1263 1449 1311 ut
1502 1258 1652 1325 quasi
1701 1275 1857 1313 sucus

264 1329 525 1384 videatur.

382 1405 500 1457 187.
555 1404 797 1458 Pultes
837 1404 987 1459 iure
1029 1404 1370 1472 oenogari
1411 1405 1624 1458 cocti:
1682 1405 1857 1473 pultes

266 1477 522 1546 oenogari
565 1480 702 1532 bene
744 1479 881 1532 cocti
907 1479 1020 1532 iure
1049 1478 1268 1534 condies
1301 1477 1587 1551 [copadia].
1632 1479 1858 1532 similam

265 1551 377 1605 sive
431 1552 624 1606 alicam
680 1557 887 1606 coctam
939 1553 1041 1607 hoc
1079 1554 1191 1606 iure
1234 1553 1468 1606 condies.
1522 1559 1573 1606 et
1614 1570 1729 1606 cum
1772 1569 1857 1606 co-

263 1626 437 1697 padiis
460 1626 694 1697 porcinis
717 1627 946 1698 apponis
988 1627 1246 1695 oenogari
1288 1627 1424 1681 cocti
1463 1627 1576 1681 iure
1612 1627 1856 1681 conditis.
1926 1655 1929 1656 ⁷

265 1771 396 1816 quas,
441 1759 619 1815 eliquas
661 1760 758 1803 179.
796 1784 842 1789 m
893 1759 1018 1803 adi-

264 1819 385 1863 cies
418 1819 464 1862 in
495 1818 779 1862 mortarium.
801 1843 851 1848 —
882 1817 1018 1863 fria-

262 1883 362 1922 tae
406 1892 520 1922 corr.
565 1891 620 1922 ex
661 1877 731 1920 38.
776 1891 860 1932 pro
904 1878 1017 1921 lia-

264 1942 377 1981 tae.
415 1962 465 1966 —
502 1951 622 1980 cum
655 1937 786 1980 iure
820 1950 877 1980 ex
906 1937 1017 1987 iure,

266 1997 402 2047 iuste,
435 1996 493 2039 ad
528 1996 596 2039 54.

353 2055 415 2098 ad
451 2055 548 2098 186.
601 2053 657 2099 cf.
692 2054 755 2098 ad
789 2054 887 2098 185-
934 2067 1016 2099 eae

262 2114 417 2170 pultes
449 2128 541 2158 non
581 2113 820 2157 habebunt
851 2127 1018 2158 nomen

263 2186 292 2216 a
309 2173 488 2217 Iuliano
509 2173 721 2223 Caesare,
754 2173 799 2215 in
823 2184 879 2216 eo
898 2173 1016 2216 enim

265 2232 472 2276 ciborum
513 2231 841 2287 parsimoniam
885 2243 1017 2286 prae-

264 2292 393 2335 dicat
409 2290 683 2334 Ammianus
715 2291 851 2333 Marc.
884 2292 956 2341 21,
974 2291 1016 2341 9,

264 2352 304 2393 2.
341 2350 570 2405 spartian.
608 2349 711 2392 Did.
745 2348 828 2392 Iul.
859 2349 898 2391 3.
933 2349 1017 2393 sed

263 2409 322 2453 ab
366 2409 447 2452 illo
491 2409 646 2452 nescio
692 2421 782 2463 quo
824 2407 896 2451 cui
940 2408 1017 2451 de-

263 2469 424 2512 bemus
457 2471 575 2522 γένος
607 2466 885 2506 πλακούντων
913 2467 1013 2507 ἴου-

263 2526 409 2567 hardy
466 2540 538 2581 ap.
601 2525 772 2569 Athen.
826 2525 894 2574 14,
944 2526 1014 2568 57.

264 2586 374 2630 olim
407 2585 546 2628 malui
579 2585 854 2642 iurianae
896 2585 1017 2628 iuru-

263 2645 432 2695 lentae,
464 2644 561 2687 iure
595 2643 824 2687 conditae.
872 2668 924 2674 —
959 2649 1017 2687 et

263 2704 336 2747 ad
379 2708 454 2747 tr.
500 2702 634 2746 codd.
680 2702 747 2745 sic
792 2702 879 2754 „ad
913 2714 1016 2745 can-

262 2776 368 2806 nam
426 2762 722 2818 praecidere³
779 2761 878 2804 263.
930 2775 1014 2816 pro

264 2822 367 2866 solo
413 2821 638 2872 ablativo,
680 2820 742 2864 ad
785 2820 1015 2863 latruncu-

263 2882 335 2925 los
368 2881 527 2926 ludere
546 2893 620 2937 ap.
641 2879 829 2938 Vopisc.
863 2878 1012 2946 Proc‘l.

1112 1760 1180 1803 13.
1230 1758 1290 1802 ad
1337 1771 1518 1803 manum
1567 1759 1753 1810 saltare,
1797 1760 1858 1803 ad

1109 1818 1249 1863 tibias
1306 1830 1483 1869 canere,
1542 1818 1602 1862 ad
1660 1818 1856 1875 digitum

1109 1889 1331 1933 pugnare,
1377 1877 1611 1922 Drakenb.
1655 1878 1715 1921 ad
1757 1878 1854 1921 Liv.

1111 1938 1150 1987 7,
1170 1940 1211 1987 2,
1232 1937 1299 1979 10.
1340 1937 1405 1980 Sic
1423 1936 1531 1989 77ng
1548 1935 1681 1977 αῧλὸν
1716 1939 1855 1991 φθέγ-

1107 1999 1256 2050 γεσθαι
1303 2000 1351 2038 et
1407 1995 1533 2050 αὓλῷ.
1595 1996 1733 2039 trulla
1788 2000 1859 2039 est

1109 2054 1356 2098 riihrkelle.
1422 2054 1587 2110 Τορύνη
1620 2055 1742 2099 unde
1773 2070 1855 2094 w-

1110 2112 1294 2169 ρυνητὸν
1326 2118 1431 2156 trua
1462 2114 1705 2158 subactum
1728 2117 1775 2158 et
1794 2113 1858 2157 le·

1107 2172 1315 2228 vigatum
1347 2173 1446 2215 375.

1196 2230 1258 2274 ad
1293 2231 1390 2273 187.
1426 2231 1492 2275 sic
1524 2231 1659 2274 Hum.
1694 2244 1750 2274 ex
1785 2231 1855 2274 ed.

1106 2303 1174 2344 pr.
1218 2289 1403 2333 codices
1447 2303 1528 2334 sex
1572 2293 1734 2333 contra
1764 2303 1856 2333 non

1106 2348 1281 2392 habent
1324 2348 1521 2392 alterum
1578 2349 1853 2404 „oenogari“

1109 2412 1156 2451 et
1200 2407 1301 2451 cod.
1345 2411 1388 2458 β.
1429 2422 1482 2462 p.
1535 2408 1664 2451 iure
1713 2421 1856 2451 oeno

1108 2466 1281 2511 cocti.
1332 2479 1384 2521 p.
1430 2467 1581 2510 beno
1628 2466 1785 2510 cocti
1817 2467 1857 2509 i.

1108 2537 1391 2581 oenogarum
1447 2530 1630 2569 coctum
1674 2537 1857 2580 compa-

1108 2584 1301 2628 randum
1335 2597 1434 2627 cum
1468 2585 1575 2627 vino
1596 2587 1730 2628 cocto
1756 2585 1854 2627 147.

1110 2668 1163 2672 -
1208 2655 1299 2698 ap.
1356 2643 1652 2698 oenogari
1695 2642 1857 2686 cocti

1106 2700 1241 2746 Hum.
1278 2702 1478 2746 correxit
1508 2715 1592 2757 pro
1610 2702 1782 2745 vitiosa
1800 2714 1858 2745 ex

1108 2761 1383 2815 compendio
1417 2765 1522 2805 orta
1544 2761 1744 2804 lectione
1775 2772 1853 2814 ap.

1108 2821 1451 2865 oenococti.
1487 2820 1545 2865 de
1569 2818 1777 2876 copadiis
1795 2818 1856 2862 ad

1108 2878 1176 2923 59.
1213 2903 1267 2910 —
