2066 3276
825 243 1079 289 Praefatio.
1681 243 1706 293 1
1715 242 1746 293 3

147 383 349 453 pathia,
393 380 737 447 gastrologia‚
779 377 1141 445 gastronomia
1194 380 1444 428 veterum.
1496 374 1633 427 inter
1672 380 1747 427 ta-

150 474 221 525 lia
260 470 342 525 Tu
384 487 449 522 ex
490 486 573 521 me
616 467 870 534 quaesisti
911 465 1036 533 quid
1079 482 1145 518 ex
1184 465 1373 532 Apicio
1411 481 1528 517 eam
1555 464 1610 515 111
1633 481 1744 517 rem

150 562 474 614 lucraremur
514 557 696 624 sicque
736 573 821 609 me
862 555 1095 608 medium
1136 553 1366 606 tenuisti.
1408 555 1601 607 rubore
1630 570 1747 621 per-

151 650 298 702 fusus
339 649 496 702 balbe
548 645 884 714 pronuntiavi
924 643 1202 714 scripsisse
1244 659 1362 695 eum
1405 642 1472 695 de
1514 642 1749 710 opsoniis

155 744 206 792 et
247 735 612 800 condimentis,
657 734 754 786 sed
794 733 969 785 adhuc
1010 749 1077 785 ne
1113 748 1271 783 unum
1301 731 1517 797 quidem
1544 749 1628 784 me
1659 748 1748 784 ex-

156 827 385 895 emplum
439 823 638 876 vidisse
688 827 847 890 atque
888 821 1029 873 illico
1070 820 1351 888 pigneravi
1392 820 1625 873 edulium
1664 837 1750 888 sy-

153 930 470 968 racusanum
511 911 654 981 quod
694 910 891 963 dudum
919 910 1164 962 illexerat
1199 909 1380 962 oculos
1409 908 1479 961 ad
1507 909 1751 980 Apicium

157 1002 522 1058 coemendum.
579 1000 807 1053 omnium
862 998 1278 1065 antiquariorum
1339 998 1600 1066 catalogis
1659 1016 1756 1069 per

111 1084 115 1087 ’
156 1094 335 1162 plures
375 1107 586 1144 menses
627 1088 960 1158 perlustratis
999 1087 1217 1140 tandem
1257 1087 1478 1140 sublatis
1511 1088 1754 1142 manibus

159 1182 275 1253 cepi
320 1180 604 1235 editionem
645 1178 834 1232 Listeri
886 1176 1178 1231 secundam
1218 1194 1354 1244 quae
1394 1176 1593 1245 prodiit
1631 1178 1753 1230 Am-

159 1270 440 1325 stelodami
498 1269 652 1322 1709.
708 1268 761 1320 in
815 1267 963 1321 coelo
1016 1266 1107 1333 fui,
1164 1266 1434 1334 devoravi,
1491 1267 1753 1320 somniavi

163 1377 389 1427 coquum
430 1364 481 1412 et
521 1358 763 1411 culinam.
807 1362 861 1409 at
900 1355 1081 1424 primis
1122 1355 1310 1410 diebus
1338 1355 1448 1408 vidi
1475 1355 1561 1409 1110
1586 1357 1753 1411 rarius

164 1448 395 1503 conchas
434 1447 696 1514 legendas
751 1452 802 1500 et
854 1463 1036 1500 verum
1082 1463 1200 1500 esse
1255 1447 1341 1513 qui
1381 1447 1571 1500 nucleo
1613 1449 1759 1502 vesci

163 1538 291 1592 velit
344 1539 392 1591 ei
442 1535 797 1603 frangendam
847 1552 1036 1588 nucem
1092 1540 1143 1588 et
1194 1536 1395 1589 solatus
1447 1537 1536 1589 illo
1590 1536 1762 1590 ardua

167 1644 284 1680 esse
325 1643 462 1693 quae
505 1626 727 1693 egregia
768 1625 926 1678 etiam
967 1625 1077 1677 vidi
1130 1642 1214 1677 me
1255 1643 1361 1678 non
1403 1626 1518 1679 fore
1560 1627 1761 1679 stultio-

164 1733 276 1769 rem
330 1732 486 1782 quam
538 1714 860 1781 Meletidem,
917 1714 959 1766 si
1014 1714 1203 1782 Apicio
1257 1714 1448 1768 misere
1511 1716 1762 1782 neglecto

167 1804 362 1857 auxilio
415 1804 652 1856 venirem
705 1809 829 1874 post
877 1808 956 1856 tot
1006 1808 1238 1855 virorum
1284 1803 1524 1857 remedia
1565 1810 1616 1857 et
1656 1810 1764 1857 tam

169 1893 258 1946 diu
318 1892 583 1946 oblivione
643 1893 905 1960 sepultum
967 1893 1368 1960 resuscitarem,
1430 1894 1768 1946 resuscitavit

171 1982 308 2035 enim
348 1998 683 2048 nequaquam
723 1982 1041 2034 novissimus
1097 1981 1267 2034 editor
1305 1982 1578 2035 Bernhold
1620 1984 1767 2036 cuius

170 2087 364 2123 nomen
403 2076 586 2124 tacere
626 2072 813 2123 melius
869 2076 964 2124 est.
1020 2071 1281 2123 commovi
1321 2071 1481 2138 igitur
1521 2088 1678 2125 sacra
1719 2078 1770 2125 et

172 2159 315 2229 quod
354 2160 475 2212 volo
518 2165 758 2213 sanctum
800 2166 881 2213 est
924 2166 976 2214 et
1016 2178 1225 2214 omnem
1264 2161 1406 2213 movi
1435 2161 1669 2230 lapidem
1702 2179 1769 2215 ne

174 2249 422 2302 caderem
445 2249 498 2300 in
526 2265 698 2315 0111011,
732 2249 830 2302 sed
860 2266 1081 2318 scopum
1108 2250 1425 2317 attingerem
1454 2268 1572 2304 meo
1601 2252 1770 2304 Marte

172 2354 455 2406 peragens.
483 2337 574 2389 diu
595 2355 783 2405 agrum
813 2339 1047 2392 sterilem
1076 2340 1214 2392 colui
1236 2346 1288 2393 et
1314 2340 1551 2408 lapidem
1577 2340 1772 2394 elixavi

176 2432 227 2481 et
264 2427 437 2480 undas
489 2429 778 2480 numeravi.
826 2429 999 2495 magis
1049 2429 1300 2481 secundis
1339 2430 1473 2482 velis
1513 2429 1772 2498 navigare

175 2522 417 2585 poteram
460 2534 527 2570 ex
568 2534 671 2583 quo
712 2526 899 2570 nactus
941 2535 1054 2570 sum
1096 2518 1382 2572 editionem
1411 2520 1642 2572 omnium
1682 2539 1772 2574 an-

175 2606 525 2672 tiquissimam
577 2606 892 2674 impressam
943 2607 1181 2660 Venetiis
1234 2625 1331 2675 per
1388 2608 1774 2662 Bernardinum

179 2695 442 2748 Venetum
483 2695 598 2747 sine
633 2711 804 2763 1111110,-
835 2700 916 2748 est
956 2697 1093 2748 enim
1126 2697 1327 2750 vicaria
1357 2698 1557 2751 codicis
1591 2699 1772 2751 nescio

180 2786 327 2839 cuius
370 2802 688 2854 quamquam
729 2802 836 2838 non
876 2785 1162 2838 admodum
1204 2786 1344 2839 boni.
1403 2804 1469 2840 ex
1523 2804 1588 2839 ea
1625 2804 1774 2841 recu-

180 2892 293 2929 sam
347 2891 466 2929 esse
520 2892 657 2942 quae
711 2875 908 2944 prodiit
959 2875 1249 2929 Mediolani
1316 2893 1413 2947 per
1464 2877 1776 2943 magistrum

671 3053 695 3073 ψ
