2066 3276
309 197 414 254 120
956 200 1054 245 Lib.
1094 200 1166 246 VI.
1231 201 1471 259 Tropetes.

416 332 538 385 223.
594 333 668 384 In
720 333 1098 400 palumbiS,
1152 335 1492 388 columbis
1548 334 1767 406 [avibUS,
1831 336 1883 389 in

302 403 448 458 altile
491 410 542 458 et
579 406 634 458 in
663 405 1013 478 fenicopter0]
1055 406 1346 461 inassis:
1387 408 1556 476 piper,
1584 409 1883 476 ligisticum,

300 478 652 546 coriandrum,
710 497 939 546 careum,
994 498 1191 549 cepam
1234 481 1448 547 siccam,
1501 487 1750 550 mentam,
1801 484 1885 536 ovi

298 551 550 618 vitellum,
606 553 876 621 cariotam,
913 555 1034 621 mel,
1098 559 1324 621 acetum,
1376 555 1658 623 liquamen,
1712 557 1884 611 oleum

300 629 353 678 et
393 625 584 678 vinum.

414 700 537 752 224.
599 699 765 754 Aliter
815 700 995 754 elixis:
1048 702 1218 772 piper,
1272 718 1502 768 careum,
1556 702 1645 771 api
1691 720 1888 767 semen,

302 770 703 845 [petresilinum]
732 774 1141 841 condimentum,
1154 775 1456 842 hortariam‚
1481 776 1750 844 cariotam,
1766 778 1888 843 mel,

300 851 529 914 acetum,
570 848 750 900 vinum
778 853 830 900 et
857 850 1032 902 oleum
1058 849 1269 903 modice
1311 854 1364 902 et
1403 866 1622 918 senape.

416 921 538 974 225.
601 922 797 975 Aliter:
841 923 1010 993 piper,
1051 923 1354 990 ligisticum,
1383 923 1766 991 petresilinum,
1801 924 1891 994 api

302 1009 504 1061 semen,
546 999 731 1061 rutam,
773 997 1008 1063 nucleOS,
1065 997 1334 1063 cariotam,
1376 997 1497 1064 mel,
1551 1002 1777 1065 acetum,
1831 998 1888 1050 li-

303 1084 549 1136 quamen,
592 1085 795 1138 senape
837 1075 889 1123 et
928 1071 1102 1124 oleum
1141 1070 1367 1124 modice.

415 1143 538 1196 226.
602 1142 796 1196 Aliter:
838 1143 1008 1215 piper,
1048 1143 1351 1212 ligisticum,
1393 1144 1536 1196 lasar
1564 1144 1755 1210 vivum,
1786 1144 1890 1197 suf-

299 1214 479 1269 fundis
528 1217 830 1284 liquamine,
885 1218 1006 1271 vino
1050 1222 1101 1271 et
1152 1217 1438 1286 liquamine
1476 1217 1799 1285 temperabis
1841 1224 1893 1271 et

300 1289 461 1343 mittis
502 1306 662 1358 super
703 1291 1001 1344 columbum
1022 1291 1108 1345 vel
1131 1292 1453 1360 palumbum.
1483 1291 1669 1362 pipere
1709 1308 1889 1360 aspar·

301 1379 416 1416 sum
455 1362 669 1417 inferes,

416 1439 542 1491 227.
605 1439 718 1490 Ius
758 1437 825 1490 in
867 1437 1176 1492 diversis
1217 1438 1494 1492 avibus:
1536 1438 1707 1508 piper,
1750 1438 1891 1492 cimi-

301 1528 425 1564 num
485 1511 713 1578 frictum,
774 1511 1076 1578 ligisticum,
1135 1517 1384 1578 mentam,
1463 1529 1619 1565 uvam
1676 1529 1893 1582 passam

304 1586 643 1639 enucleatam
683 1591 774 1638 aut
814 1585 1157 1653 damascena,
1199 1587 1306 1638 mel
1345 1586 1572 1640 modice.
1612 1586 1734 1638 vino
1772 1586 1890 1639 mir-

301 1664 390 1713 teo
431 1658 775 1730 temperabis,
817 1665 988 1725 acet0,
1040 1660 1328 1727 liquamine
1371 1666 1424 1713 et
1463 1661 1656 1713 oleum.
1695 1659 1891 1715 calefa-

301 1734 410 1787 cies
453 1739 505 1787 et
544 1733 774 1801 agitabis
813 1733 936 1801 apio
979 1738 1031 1787 et
1070 1733 1319 1787 satureia.

303 1884 415 1931 tum,
448 1879 560 1923 milii
593 1893 754 1936 genus,
799 1880 870 1924 cui
902 1880 1053 1925 adhuc
1143 1880 1408 1924 laserem
1450 1893 1547 1936 par.
1595 1907 1647 1913 —
1692 1895 1775 1937 pro
1809 1881 1893 1925 vi-

301 1938 349 1983 id
381 1952 560 1983 nomen.
1142 1953 1270 1983 num
1305 1953 1421 1990 corr,
1450 1940 1644 1984 vivum
1678 1939 1756 1995 (ad
1774 1940 1894 1993 243),

393 1998 454 2042 ad
487 1999 587 2041 223.
622 1998 804 2054 aliquot
828 1998 971 2043 verba
988 1999 1052 2042 in·
1143 1999 1309 2043 lasaris
1337 1998 1539 2044 radicem
1557 2000 1655 2043 231.
1675 1998 1773 2043 234.
1792 1999 1894 2043 238.

302 2057 420 2102 clusi
475 2070 503 2100 a
556 2057 745 2101 librario
793 2058 912 2102 male
966 2057 1054 2102 huc
1142 2057 1241 2101 242.
1279 2057 1377 2101 245.
1413 2058 1644 2115 liquamen
1676 2062 1724 2103 et
1739 2058 1893 2102 vinum

301 2116 531 2161 translata
564 2120 612 2160 et
642 2116 686 2159 in
721 2130 813 2160 uno
836 2117 1052 2161 lemmate
1143 2121 1214 2161 est
1235 2129 1536 2172 oenogarum.
1560 2117 1657 2174 liq.
1683 2122 1894 2172 tempe-

303 2176 504 2220 collecta
535 2188 592 2219 ex
624 2175 725 2219 227.
758 2176 857 2218 232.
893 2176 990 2220 234.
1143 2176 1310 2220 rabis
1338 2176 1458 2220 idem
1482 2175 1576 2221 fere
1595 2176 1720 2233 quod
1739 2176 1893 2220 salies.

391 2234 453 2278 ad
471 2235 570 2276 224.
606 2246 873 2277 carenum
894 2235 947 2283 ζπ
963 2249 1054 2278 non
1236 2235 1295 2278 ad
1321 2236 1420 2278 227.
1458 2249 1595 2288 „aves
1619 2235 1894 2291 intellegan-

304 2307 396 2338 uno
429 2293 535 2337 loco
571 2293 670 2337 230.
695 2318 743 2323 »-
779 2294 1052 2348 petrosil.
1146 2299 1221 2337 tur
1251 2306 1477 2349 passeres,
1505 2295 1723 2345 merulae,
1746 2294 1894 2338 scolo-

304 2353 766 2408 interpretamentum
786 2358 871 2404 est,
905 2353 965 2396 ad
983 2354 1052 2396 56.
1145 2366 1299 2408 paces,
1331 2353 1669 2411 porphyriones
1700 2354 1729 2397 i.
1754 2367 1793 2397 e.
1827 2352 1894 2396 fu-

305 2437 360 2445 —-
409 2425 495 2467 pro
542 2411 831 2455 mortaria
874 2412 1051 2456 emend.
1145 2411 1262 2456 licae
1295 2412 1645 2470 porphyrfflnes,
1690 2412 1894 2456 ciconiae

302 2475 355 2516 ut
395 2471 496 2514 470.
538 2469 886 2522 hortariam‚
936 2484 1053 2527 quae
1144 2483 1216 2527 ap.
1251 2471 1412 2515 Horat.
1441 2476 1528 2515 sat.
1549 2473 1591 2523 2,
1609 2473 1650 2523 2,
1671 2472 1742 2516 49.
1776 2471 1892 2515 Plin.

303 2541 478 2585 cepaea
520 2529 658 2572 Plinii
700 2529 771 2580 26,
804 2530 874 2573 84.
918 2530 1053 2574 Dios·
1147 2531 1216 2582 10,
1249 2531 1318 2574 60.
1352 2529 1548 2575 Anthol.
1582 2532 1682 2574 Lat.
1719 2530 1820 2574 780.
1840 2555 1892 2560 —-

303 2588 451 2633 coridi
508 2589 551 2639 3,
613 2588 710 2631 158.
770 2594 925 2640 κηπαιά
991 2589 1057 2633 di·
1152 2587 1394 2633 frictum
1436 2590 1498 2633 ad
1529 2591 1629 2634 212.
1664 2614 1717 2620 -ν-
1760 2588 1893 2632 mir·

304 2648 438 2699 citur,
478 2645 855 2702 zwiebelpfeffer,
896 2648 1056 2693 sedum
1148 2652 1249 2692 teo
1283 2661 1379 2703 par.
1414 2649 1469 2692 H.
1512 2662 1598 2704 pro
1630 2649 1804 2692 mirto
1838 2671 1891 2676 —

304 2718 481 2763 cepaea
510 2706 561 2750 L.
1147 2707 1447 2763 liquamen
1466 2708 1512 2752 in
1523 2707 1750 2764 pluribus.
1768 2704 1895 2761 quod

393 2765 455 2809 ad
488 2765 587 2809 225.
623 2764 759 2809 deest
790 2764 836 2808 in
866 2777 965 2821 par.
1146 2766 1187 2810 si
1231 2779 1404 2818 verum,
1453 2768 1669 2825 γαρέλαιον
1714 2764 1893 2811 intelle·

393 2824 455 2871 ad
474 2825 572 2869 226.
609 2824 862 2868 laserum
895 2825 940 2870 in
958 2837 1054 2877 sex,
1145 2825 1346 2883 gendum
1380 2830 1463 2873 est.
