2066 3276
661 216 758 262 Lib.
783 216 886 266 Vll.
933 216 1171 263 Politeles.

1642 219 1744 273 133

270 359 392 411 260.
435 355 658 408 Vulvam
700 356 756 404 ut
793 359 986 408 tostam
1025 354 1220 407 facias:
1269 352 1322 404 in
1364 356 1617 408 cantabro
1670 355 1743 408 in·-

155 434 311 485 volve
353 437 405 486 et
444 436 636 500 postea
674 430 726 483 in
767 431 988 484 muriam
1029 431 1176 484 mitte
1218 435 1270 484 et
1309 430 1385 484 sic
1426 447 1612 492 coque.

270 508 372 560 261
451 505 699 559 Sumen
752 506 938 571 elixas,
992 504 1059 559 de
1116 504 1301 559 cannis
1354 506 1575 572 surclas,
1631 505 1744 571 sale

154 581 400 649 aspargis
441 584 493 634 et
529 580 582 632 in
620 579 828 633 furnum
867 579 1027 632 mittis
1064 580 1150 632 vel
1177 578 1230 631 in
1261 579 1585 646 craticulam,
1626 581 1745 632 sub-

154 671 323 709 assas,
373 659 514 708 teres
565 654 736 722 piper,
795 654 1096 721 ligisticum‚
1150 653 1436 719 liquamen,
1491 670 1638 707 mero
1695 658 1748 707 et

154 746 334 798 passo,
388 729 562 782 amolo
605 728 814 796 obligas
855 733 907 781 et
945 744 1131 781 sumen
1178 726 1470 795 perfundis

266 805 389 856 262.
464 803 661 856 Sumen
724 802 968 870 plenum:
1028 802 1211 863 teritur
1269 800 1440 869 piper,
1513 810 1744 868 careum,

155 877 373 939 echinus
402 877 589 930 salsus,
633 875 902 930 consuitur
943 880 995 928 et
1033 874 1110 929 sic
1151 875 1405 942 coquitur.
1457 875 1746 930 manducas

152 956 234 1004 tur
273 968 392 1004 cum
431 950 619 1016 allece,
674 949 878 1020 senapi.

241 1084 302 1127 ad
335 1084 436 1127 260.
468 1083 590 1128 idem
625 1083 820 1128 docetur
847 1082 904 1126 de

154 1148 315 1188 ventre
362 1143 462 1187 291.
526 1142 648 1187 unde
706 1141 904 1187 facias

152 1216 238 1259 pro
270 1202 473 1247 facies.
493 1202 537 1246 in
556 1215 647 1246 uno
664 1214 759 1258 par.
782 1215 905 1247 ooo-

154 1268 271 1306 tam
318 1275 402 1317 pro
452 1264 674 1306 costam
722 1265 770 1306 et
815 1266 904 1305 to-

154 1326 320 1372 stam,
353 1321 420 1365 sic
451 1322 550 1365 291.
588 1323 820 1373 „tostum“
857 1324 905 1365 et

157 1383 324 1435 „rost.“
367 1385 418 1424 at
459 1380 560 1424 419.
602 1380 649 1423 in
692 1379 903 1424 omnibus

156 1441 249 1493 „sic
292 1438 434 1483 facies
482 1439 657 1495 sepiam
692 1442 900 1483 coetam“

151 1501 178 1543 i.
200 1513 237 1544 e.
274 1499 515 1543 coctivam.
537 1525 588 1530 —
619 1499 674 1542 in
708 1511 903 1542 cacca-

150 1559 224 1603 bo
258 1558 330 1602 ed.
364 1571 431 1613 pr.
460 1557 807 1602 cantabrum
833 1562 904 1602 est

152 1616 299 1661 furfur
342 1617 484 1661 tritici
536 1616 608 1660 vel
649 1616 813 1660 hordei
855 1622 904 1661 et

151 1689 306 1720 massa
337 1676 443 1720 inde
475 1675 684 1726 subacta,
717 1680 768 1719 ut
791 1675 903 1720 alibi

151 1736 284 1791 panis
330 1735 437 1779 inde
486 1734 637 1779 factus
685 1735 901 1779 sordidus

153 1808 287 1850 quem
304 1794 447 1849 vulgo
461 1794 622 1838 dicunt
633 1792 899 1838 furfureum.

153 1852 429 1898 Gothofred.
462 1852 522 1897 ad
562 1852 719 1897 Codic.
750 1852 901 1898 Theo-

152 1912 251 1957 dos.
287 1913 339 1955 T.
373 1912 429 1956 V.
464 1926 508 1967 p.
553 1913 653 1955 272.
702 1912 899 1968 interpp.

150 1972 211 2015 ad
244 1971 368 2016 Cael.
402 1970 560 2015 Aurel.
595 1985 639 2026 p.
673 1971 771 2014 616.
806 1971 900 2016 Du·

150 2030 301 2075 fresne
346 2029 496 2075 Gloss.
543 2030 599 2074 ΙΙ.
633 2043 678 2085 p·
713 2030 810 2074 108.
847 2057 898 2061 —

150 2090 302 2133 Lister
352 2089 499 2140 „idem
558 2087 654 2133 fere
701 2089 902 2144 intelligi

150 2148 291 2193 debet
323 2148 380 2192 de
409 2149 621 2192 coctione
645 2152 899 2193 ceterarum

151 2208 299 2251 carnis
341 2208 559 2263 porcinae
606 2208 807 2263 partium
853 2208 901 2251 in

148 2266 238 2310 hoc
301 2267 453 2321 capite
523 2272 898 2318 memoratarum,

148 2338 267 2380 quae
299 2325 477 2370 scilicet
517 2326 671 2370 omnia
702 2326 898 2381 primum

147 2382 321 2428 furfure
364 2384 425 2428 ad
467 2385 718 2429 tostionem
750 2384 898 2429 invol-

146 2442 299 2487 venda
331 2448 380 2487 et
410 2447 520 2498 post
562 2444 815 2488 tostionem
851 2443 897 2486 in

147 2502 337 2545 muriam
370 2502 600 2546 mittenda
633 2506 680 2547 et
713 2515 814 2546 cum
831 2502 898 2546 sic

146 2561 262 2605 satis
295 2561 439 2605 salem
462 2562 664 2606 biberint
699 2574 897 2618 eoquen-

146 2619 206 2663 da
227 2624 347 2664 sunt.
379 2621 448 2663 ita
465 2620 647 2664 demum
670 2620 897 2664 salubrio-

146 2692 219 2723 res
267 2692 427 2723 carnes
474 2676 592 2723 fiunt
635 2680 897 2724 condimen-

146 2738 299 2794 tisque
343 2739 437 2782 suis
470 2739 584 2782 satis
616 2743 897 2794 praeparat-a

146 2796 208 2840 ad
239 2797 521 2852 sapidiorem
553 2801 783 2853 gustum“.

233 2856 296 2905 ad
313 2858 410 2901 261.
445 2870 643 2902 sumen
676 2857 770 2902 suis
798 2856 893 2903 foe-

996 1085 1073 1126 tae
1121 1094 1157 1125 s.
1206 1094 1377 1136 porcae
1424 1093 1622 1125 mamma
1668 1081 1747 1126 ubi

995 1140 1069 1185 lac
1097 1141 1360 1186 continetur
1386 1141 1600 1197 undeque
1624 1142 1748 1197 sugi-

995 1204 1084 1252 tur,
1129 1199 1284 1255 οὖθαρ,
1329 1199 1620 1257 ὑπογάστριον
1665 1214 1749 1245 seu

998 1257 1340 1314 ὕπογαστρίὸιον,
1373 1260 1606 1304 suminata
1639 1272 1748 1304 caro

995 1317 1174 1363 Arnob.
1195 1320 1235 1370 2,
1258 1319 1329 1362 42.
1363 1319 1409 1363 in
1442 1319 1651 1375 cupediis
1668 1318 1747 1362 ha-

994 1377 1195 1423 bebatur
1228 1379 1326 1422 134.
1363 1379 1459 1422 135.
1508 1379 1640 1422 Mart.
1678 1379 1747 1430 13,

993 1437 1064 1480 44.
1099 1438 1215 1481 Plin.
1238 1438 1306 1489 11,
1325 1439 1425 1481 211.
1455 1439 1637 1482 occisae
1655 1451 1746 1482 uno

995 1497 1071 1540 die
1118 1501 1228 1552 post
1274 1501 1458 1552 partum
1508 1502 1747 1553 optumum

994 1569 1095 1600 esse
1129 1555 1283 1600 refert.
1329 1555 1384 1600 ef.
1419 1557 1653 1600 Hermann
1687 1557 1749 1600 ad

993 1616 1102 1658 Luc.
1136 1614 1194 1659 de
1227 1629 1401 1660 consor.
1442 1615 1547 1660 hist.
1582 1616 1651 1659 56.
1698 1629 1745 1671 p.

994 1674 1082 1717 328
1121 1687 1252 1730 seqq.
1297 1700 1349 1706 —
1394 1688 1564 1719 cannas
1605 1676 1744 1719 inter-

992 1738 1236 1788 pretantur
1291 1735 1505 1789 papillas,
1563 1730 1745 1779 fistulas

991 1806 1075 1847 per
1108 1805 1221 1847 quas
1254 1793 1328 1837 lac
1345 1794 1509 1846 effluit,
1544 1794 1670 1850 quod
1687 1808 1745 1838 ne

991 1847 1090 1902 fiat,
1137 1853 1322 1897 surculo
1357 1851 1658 1910 configendas
1697 1858 1745 1898 et

992 1911 1337 1956 concludendas
1371 1926 1486 1963 esse,
1525 1926 1614 1968 ego
1647 1926 1744 1956 sur-

992 1970 1121 2015 culos
1169 1972 1402 2016 cannicios
1450 1986 1483 2016 s.
1527 1985 1743 2023 canneos,

992 2030 1228 2074 lanceolas
1257 2029 1406 2074 factas
1436 2045 1491 2075 ex
1519 2031 1744 2076 arundine

992 2089 1170 2133 donaoe
1217 2090 1313 2133 Lin.
1375 2091 1537 2135 eadem
1597 2101 1745 2134 canna

993 2149 1137 2192 utitur
1170 2162 1345 2205 coquus
1363 2149 1462 2194 264.
1481 2175 1537 2181 —
1566 2150 1625 2194 de
1643 2163 1743 2194 ver-

990 2206 1052 2251 bo
1096 2208 1298 2252 surclare
1344 2209 1428 2252 183
1483 2209 1583 2252 268.
1632 2209 1743 2253 olim

992 2267 1167 2311 conieci
1202 2267 1535 2311 decusatim
1566 2280 1622 2311 ex
1640 2267 1740 2311 265.

990 2350 1045 2357 -
1078 2327 1287 2381 gratio.
1333 2330 1385 2370 ut
1416 2326 1518 2370 264.
1552 2327 1651 2370 266.
1696 2327 1742 2370 in

990 2384 1171 2440 aliquot
1202 2385 1333 2429 libris
1367 2399 1423 2430 ex
1454 2399 1582 2430 more
1614 2390 1741 2430 aeta-

990 2443 1050 2487 tis
1093 2444 1274 2488 mediae
1320 2458 1439 2500 quae
1481 2445 1589 2490 inde
1630 2444 1742 2489 fecit

989 2502 1152 2558 grella,
1195 2503 1374 2559 grailIe,
1418 2504 1553 2560 grille
1592 2504 1739 2559 (Diez.

988 2563 1096 2606 Lex.
1142 2562 1184 2605 d.
1229 2576 1343 2607 rom.
1386 2576 1477 2619 spr.
1516 2564 1562 2607 in
1594 2564 1742 2619 grada

1078 2680 1139 2723 ad
1162 2681 1261 2724 262.
1296 2679 1536 2735 plenum
1569 2679 1740 2725 fartum

989 2743 1036 2783 et
1054 2739 1361 2783 condimentis
1377 2739 1633 2794 impletum,
1646 2753 1739 2784 non

991 2798 1214 2851 „nudum“
1252 2799 1476 2842 Martialis
1496 2799 1565 2850 13,
1582 2798 1652 2842 44.
1673 2799 1740 2843 sic

987 2858 1106 2902 enim
1157 2857 1404 2914 legendum
1455 2871 1538 2913 pro
1601 2871 1738 2911 „non-
