2066 3276
701 229 802 277 Lib.
838 229 963 277 VIH.
1026 229 1270 287 Tetrapus.
1681 230 1786 286 183

196 365 316 419 dico
370 366 634 434 cepullam
687 365 974 431 concisam,
1036 368 1229 433 postea
1280 363 1555 431 globulum
1606 363 1786 417 condi-

194 444 426 493 mentum
467 440 644 493 mittes
684 444 737 493 et
775 439 1007 507 agitabis
1049 438 1271 506 origano
1313 439 1400 491 vel
1438 437 1687 504 satureia,
1742 437 1787 490 si

197 531 331 584 opus
369 513 542 579 fuerit,
584 513 807 566 amolas.

307 589 431 640 399.
473 586 703 640 Aliter
741 587 1089 654 leporem:
1135 602 1203 638 ex
1242 584 1506 651 sanguine
1560 588 1613 637 et
1661 583 1788 638 ioci-

195 678 322 714 nere
364 666 415 714 et
453 660 793 728 pulmonibus
834 659 1090 727 leporinis
1130 658 1455 722 minutal:
1498 657 1701 711 adicies
1734 658 1790 711 in

197 736 490 788 caccabum
528 735 798 801 liquamen
851 738 903 787 ct
956 733 1148 799 oleum,
1205 736 1422 785 coctura
1472 748 1689 800 porrum
1738 737 1791 786 et

197 808 533 862 coriandrum
584 807 880 860 minutatim
935 806 1206 873 concideS,
1263 804 1520 877 [iocinera
1573 810 1626 858 et
1676 806 1791 874 pul-

196 880 400 953 mones]
441 883 495 934 in
536 882 827 934 caccabum
867 880 1060 933 mittes.
1104 896 1222 934 cum
1263 885 1417 932 cocta
1455 879 1682 946 fuerint,
1715 885 1790 934 te-

195 973 279 1010 res
332 957 504 1026 piper,
557 954 823 1021 ciminum,
880 953 1237 1019 coriandrum,
1290 953 1481 1006 lasaris
1535 954 1789 1021 radicem,

194 1035 444 1096 mentam,
486 1033 675 1095 rutam,
718 1028 968 1096 puleium,
1013 1027 1289 1080 suffundes
1318 1031 1544 1094 acetum,
1587 1027 1792 1081 adicies

194 1103 431 1157 iocinera
469 1103 712 1171 leporum
753 1106 805 1155 et
832 1101 1164 1169 sanguinem,
1194 1106 1354 1167 tercS,
1383 1102 1489 1154 mel
1518 1106 1570 1155 et
1598 1102 1665 1155 de
1694 1119 1791 1155 suo

194 1178 310 1245 sibi,
353 1181 507 1231 aceto
548 1176 891 1247 temperabiS,
934 1175 1213 1229 exinanies
1240 1175 1294 1226 in
1327 1177 1634 1242 caccabum,
1677 1176 1792 1244 pul-

195 1268 380 1304 mones
420 1252 663 1321 leporum
702 1249 996 1302 minutatim
1036 1249 1278 1303 concisos
1317 1248 1371 1300 in
1401 1249 1632 1302 eundem
1674 1268 1792 1303 cac-

196 1327 385 1379 cabum
425 1325 619 1378 mittes.
659 1323 828 1377 facies
868 1328 924 1376 ut
950 1323 1174 1376 ferveat.
1205 1340 1322 1376 cum
1349 1322 1619 1391 fervuerit,
1649 1341 1791 1377 amo-

193 1401 244 1452 lo
287 1399 513 1466 obligas,
553 1399 710 1469 piper
750 1397 996 1466 aspargis
1037 1403 1090 1450 et
1126 1397 1340 1450 inferes,

309 1474 433 1526 400.
475 1472 705 1525 Aliter
744 1473 1195 1543 leporcm'ex
1234 1487 1356 1524 suo
1409 1470 1590 1524 iure:
1643 1471 1790 1539 lepo-

195 1564 310 1601 rem
372 1563 543 1614 curas,
606 1562 850 1612 exossaS,
917 1544 1096 1612 ornas,
1144 1545 1321 1598 mittes
1372 1544 1427 1596 in
1481 1547 1792 1613 caccabum,

194 1621 400 1675 adicies
443 1638 511 1674 ex
555 1620 674 1673 oleo
715 1620 1000 1686 liquamen,
1044 1624 1261 1672 coctura
1289 1618 1603 1672 fasciculum
1630 1619 1792 1689 porri,

196 1694 548 1761 coriandrum,
590 1698 821 1747 anetum.
865 1693 990 1745 dum
1032 1693 1288 1760 coquitur,
1331 1692 1535 1746 adicies
1574 1693 1628 1745 in
1655 1710 1792 1746 mor-

194 1769 393 1821 tarium·
424 1768 595 1837 piper,
636 1767 941 1835 ligisticum,
985 1767 1250 1833 ciminum,
1294 1766 1561 1820 coriandri
1591 1784 1792 1834 semen,

193 1843 381 1896 lasaris
420 1842 673 1909 radicem,
717 1858 905 1910 cepam
927 1840 1152 1907 aridam,
1197 1845 1445 1906 mentam,
1475 1845 1663 1908 rutam,
1701 1841 1793 1910 api

194 1933 395 1983 semen,
434 1914 671 1982 fricabiS,
712 1915 989 1968 suffundes
1032 1915 1319 1982 liquamen,
1360 1915 1563 1969 adicies
1603 1915 1793 1968 melius

192 1991 274 2044 ius
314 1991 382 2044 de
422 2007 519 2043 suo
561 1990 678 2057 sibi,
721 1989 965 2055 defrictO,
1021 1994 1175 2042 aceto
1229 1989 1570 2058 temperabis,
1622 1988 1792 2043 facies

1040 2154 1088 2196 et
1133 2149 1403 2206 pulmones“
1454 2164 1511 2195 ex
1557 2163 1699 2206 marg.
1736 2174 1793 2182 —

1042 2210 1107 2254 de
1139 2223 1244 2253 suo
1287 2210 1404 2254 sibi
1444 2210 1583 2254 melle
1623 2210 1794 2265 quoin

195 2157 404 2208 tempore
436 2155 560 2208 post,
587 2165 701 2196 corr.
735 2165 821 2207 pro
845 2165 948 2195 mo-

196 2211 332 2256 dice
381 2212 450 2255 77.
502 2236 553 2240 —
605 2211 947 2255 condimen-

195 2275 387 2314 torum
419 2275 450 2322 β
481 2269 552 2315 ed.
586 2283 652 2325 pr.
686 2270 745 2317 Η.
779 2270 879 2313 197.

283 2330 345 2372 ad
375 2330 476 2374 399.
539 2329 806 2384 leporem
840 2328 949 2371 ali-

196 2393 286 2432 ter
330 2405 374 2431 π.
419 2388 608 2432 aliter
639 2388 695 2431 in
727 2388 766 2431 l.
799 2388 845 2431 in
880 2400 950 2431 ce-

196 2447 319 2492 teris.
356 2473 409 2477 —
442 2446 691 2491 minutal
732 2461 817 2502 pro
850 2447 951 2490 mi-

194 2511 341 2550 nuta
373 2507 506 2550 Hum.
542 2519 655 2549 corr.
676 2506 850 2549 ex177.
870 2505 949 2549 ubi

194 2567 295 2622 ipse
327 2566 527 2621 scriptor
558 2564 620 2608 ad
653 2565 773 2608 hunc
795 2565 947 2609 locum

194 2638 279 2669 nos
328 2625 533 2680 delegat.
583 2650 637 2655 -
698 2628 949 2668 coctura

195 2685 337 2729 ablat.
373 2688 569 2739 tempor.
607 2682 729 2727 forte
762 2688 944 2727 antece-

195 2743 310 2788 dens
332 2743 470 2787 litera
503 2743 556 2786 in
588 2743 826 2797 absorpsit
850 2743 946 2785 171.

196 2828 250 2832 ——
284 2803 339 2846 in
373 2802 606 2846 caccab.
630 2802 710 2845 ubi
741 2801 857 2845 illud
879 2802 949 2845 ius

195 2862 287 2907 iam
335 2862 564 2918 coquitur.
618 2886 671 2893 —
719 2861 950 2915 „iocinera

1039 2269 1248 2324 plurimis
1280 2269 1458 2312 trituris
1505 2270 1675 2314 Noster
1706 2269 1794 2313 uti-

1041 2334 1117 2372 tur
1148 2341 1241 2371 non
1273 2327 1486 2372 adhibito
1522 2328 1619 2371 147.
1656 2328 1792 2372 Hum.

1043 2387 1114 2431 ed.
1159 2387 1389 2431 adicies
1432 2388 1557 2439 mel,
1600 2388 1691 2432 ius
1724 2387 1793 2432 de

1042 2459 1144 2490 suo
1193 2446 1322 2496 sibi,
1372 2458 1490 2502 quae
1537 2447 1631 2491 alia
1670 2447 1791 2491 ratio

1044 2509 1116 2550 est
1150 2506 1247 2548 177.
1281 2505 1381 2549 400.
1415 2506 1473 2550 al.

1129 2564 1191 2607 ad
1221 2564 1321 2608 400.
1387 2578 1455 2608 ex
1497 2564 1630 2609 oleo
1673 2564 1714 2609 l.
1746 2569 1793 2616 β.

1042 2637 1109 2668 ex
1142 2636 1228 2667 om.
1275 2625 1431 2675 ceteri,
1476 2637 1611 2680 quem
1643 2623 1793 2668 solum

1041 2695 1197 2726 casum
1231 2697 1322 2727 non
1350 2683 1627 2738 intellegens
1655 2682 1793 2727 libra-

1040 2743 1133 2786 rius
1197 2742 1371 2786 codicis
1433 2755 1530 2798 par.
1599 2742 1792 2786 oleum

1040 2801 1241 2856 scripsit.
1286 2806 1358 2845 est
1401 2800 1647 2856 ἒλαιόγαρον
1691 2801 1789 2844 157.

1039 2862 1110 2905 32.
1159 2860 1259 2905 309.
1309 2861 1410 2905 310.
1466 2886 1519 2891 —
1575 2860 1791 2905 melius
