2066 3276
751 251 851 301 Lib.
869 250 923 298 V.
975 250 1188 312 Ospreos.
1656 247 1760 305 103

290 387 406 443 188.
467 387 711 441 Pultes
752 386 1315 454 tractogalatae:
1380 382 1533 437 lactis
1586 387 1759 437 sexta-

172 462 304 514 rium
347 466 398 515 et
438 479 612 529 aquae
650 461 916 515 modicum
955 461 1131 514 mittes
1169 459 1224 513 in
1253 459 1543 514 caccabum
1565 474 1760 510 novum

174 540 226 590 et
264 536 406 589 lento
446 535 559 603 igni
597 535 818 589 ferveat.
891 540 999 589 tres
1040 534 1305 588 orbiculos
1344 537 1549 587 tractae
1588 531 1761 586 siccas

174 615 226 663 et
279 609 568 676 confringis
598 614 650 663 et
674 609 911 679 partibus
950 609 1005 661 in
1038 609 1123 662 lac
1152 608 1426 661 submittis.
1471 624 1539 661 ne
1567 611 1760 673 uratur,

171 701 364 750 aquam
415 683 688 736 miscendo
738 683 980 750 agitabis.
1037 699 1157 737 cum
1210 686 1419 736 coctum
1480 680 1654 748 fuerit,
1707 684 1764 735 ut

175 763 270 825 est,
311 773 473 826 super
510 757 710 824 inguen
748 757 924 810 mittis.

290 832 407 883 189.
469 831 626 884 Melle
668 835 720 884 et
758 835 929 883 musto
983 830 1027 883 si
1070 846 1186 884 cum
1226 829 1365 884 lacte
1406 828 1647 882 similiter
1685 827 1761 883 fa·

174 905 301 972 cieS‚
343 904 511 958 salem
554 908 605 958 et
645 904 817 958 oleum
859 905 1030 957 minus
1068 903 1244 957 mittis

289 980 409 1031 190.
454 978 897 1033 Lenticulam
940 995 1019 1032 ex
1059 975 1395 1030 sfondilis
1436 975 1586 1029 sive
1624 976 1763 1030 fun-

172 1051 383 1119 gulis:
426 1052 661 1121 accipies
692 1054 984 1106 caccabum
1011 1050 1280 1104 mundum.
1323 1049 1527 1104 adicies
1549 1050 1604 1102 in
1629 1067 1764 1103 mor-

171 1126 359 1179 tarium
411 1127 582 1195 piper,
639 1126 903 1194 ciminum,
954 1142 1137 1180 semen
1190 1124 1471 1191 coriandri,
1532 1129 1761 1191 mentae,

171 1204 338 1267 rutae,
367 1200 549 1278 puleii²
577 1199 814 1268 fricabiS,
843 1199 1117 1254 suffundes
1146 1204 1373 1267 acetum,
1405 1197 1612 1252 adicies
1639 1199 1762 1266 mel,

172 1274 442 1342 liquamen
496 1280 547 1328 et
599 1274 892 1329 defrictum.
948 1279 1101 1328 aceto
1142 1272 1483 1345 temperabiS‚
1522 1273 1763 1326 reexina-

173 1348 288 1402 nies
327 1348 379 1401 in
422 1349 728 1417 caccabum,
773 1348 1032 1402 sfondilos
1073 1348 1299 1402 elixatos
1338 1352 1479 1401 teres
1510 1351 1562 1400 et
1588 1347 1764 1401 mittes

1014 1480 1062 1525 si
1096 1494 1161 1525 cu
1172 1494 1218 1523 m
1240 1480 1280 1528 l.
1309 1479 1542 1524 sententia
1558 1480 1764 1525 videtur:

262 1480 323 1524 ad
347 1480 923 1537 188.tract0galatae

1014 1540 1053 1584 si
1085 1540 1146 1584 ad
1178 1552 1278 1584 eam
1311 1539 1488 1595 pultem
1525 1553 1610 1595 pro
1642 1552 1765 1596 aqua

172 1552 257 1595 pro
306 1539 658 1596 tractogale
717 1553 773 1584 ex
821 1541 922 1584 251.

173 1598 377 1643 restituit
408 1599 539 1643 Hum.
573 1599 599 1642 i.
621 1613 658 1644 e.
693 1612 747 1643 ex
771 1603 924 1644 tracta

176 1662 224 1702 et
266 1658 388 1702 lacte
422 1657 675 1702 confectae.
719 1659 786 1702 sic
817 1672 922 1714 por-

175 1716 341 1760 cellum
374 1717 746 1761 tractomelinum
778 1717 921 1762 habes

171 1777 271 1820 375.
293 1776 447 1819 malim
472 1777 920 1829 tractolacteae‚

172 1849 245 1886 ne,
271 1849 363 1879 vox
405 1836 466 1879 sit
509 1836 705 1880 hibrida.
741 1862 794 1868 —-
839 1841 920 1881 te-

171 1908 265 1939 res
289 1908 348 1939 so
365 1895 440 1939 rb.
460 1898 590 1950 γκθπ.
611 1895 681 1939 ed.
701 1909 767 1950 pr.
795 1900 919 1940 tres

171 1966 231 1997 so
246 1954 321 1998 rb.
367 1959 411 2005 β.
456 1968 512 1998 ex
554 1968 638 1998 suo
683 1955 784 1999 cod.
828 1955 919 1999 iam

172 2026 285 2057 corr.
329 2013 460 2057 Hum.
511 2014 692 2070 explica
745 2019 919 2058 tractas

170 2072 467 2124 orbiculatas,
517 2074 562 2116 in
610 2074 769 2117 orbem
813 2087 918 2118 con-

169 2130 407 2176 formatas.
440 2131 740 2187 taigkloesse.
763 2159 816 2164 —
851 2146 918 2177 ne

169 2202 277 2234 ura
296 2196 431 2234 tura
464 2192 752 2247 quaedam
786 2192 919 2235 mis-

171 2250 395 2293 cendos
427 2262 509 2306 ag.
545 2250 643 2294 flor.
679 2255 727 2295 et
759 2251 830 2295 ed.
850 2264 917 2306 pr.

168 2322 236 2352 ne
269 2313 474 2353 uratur
496 2322 766 2366 quaeque
792 2310 919 2354 dam

168 2368 511 2412 miscendos
574 2381 667 2425 ag.
732 2382 829 2424 par.
872 2382 919 2412 a·

169 2427 452 2481 quaedam
479 2444 516 2482 γ.
538 2452 590 2458 -
610 2441 694 2483 pro
726 2429 919 2484 ignem

166 2484 330 2539 scripsi
378 2486 597 2541 inguen
653 2487 919 2531 testiculum

167 2544 270 2598 capi
315 2544 411 2587 173.
445 2558 530 2599 pro
566 2558 656 2600 quo
702 2546 800 2589 187.
843 2559 918 2590 co-

165 2603 307 2657 padia
338 2603 611 2647 adiciuntur.

254 2661 315 2705 ad
350 2662 447 2705 189.
482 2663 527 2705 in
559 2662 695 2707 codd.
731 2662 917 2707 coniun-

164 2721 292 2776 gitur
324 2734 426 2764 cum
459 2722 766 2766 antecedente
796 2735 916 2766 com-

162 2779 397 2834 positione
440 2785 487 2824 et
529 2781 701 2836 legitur
743 2781 916 2825 melle

165 2851 232 2881 ex
264 2839 509 2883 musteis
555 2853 671 2883 cum
704 2839 741 2882 l.
777 2840 916 2884 etiam

165 2897 341 2943 conieci
372 2898 547 2943 melle
581 2903 636 2943 et
669 2900 916 2952 musteis

1014 1600 1103 1643 mel
1146 1598 1220 1643 vel
1262 1612 1424 1643 sucum
1467 1612 1523 1642 ex
1571 1600 1763 1644 musteis

1013 1657 1294 1705 adhibueris.
1338 1658 1482 1702 salem
1526 1662 1574 1702 et
1611 1659 1763 1704 oleum

1013 1720 1162 1761 minus
1209 1718 1367 1761 mittis.
1417 1715 1471 1760 cf.
1518 1717 1616 1761 294.
1661 1719 1763 1762 305.

1014 1777 1216 1821 edulium
1244 1790 1269 1821 e
1286 1776 1438 1821 farina
1454 1777 1651 1832 silignea
1669 1777 1763 1822 fac-

1012 1841 1109 1880 tum
1142 1841 1190 1881 et
1221 1841 1374 1881 musto
1411 1836 1648 1880 conditum
1681 1851 1762 1882 vo-

1012 1895 1209 1940 cabatur
1254 1894 1536 1947 μουστάκιον,
1591 1901 1763 1941 musta-

1013 1967 1140 1999 ceum
1200 1955 1299 1998 214.
1352 1955 1452 1999 450.
1504 1956 1608 1999 coll.
1661 1957 1760 2000 295.

1009 2013 1183 2058 Athen.
1218 2015 1287 2066 14,
1321 2015 1391 2058 57.
1427 2014 1563 2058 melle
1596 2020 1643 2059 et
1667 2029 1763 2060 mu-

1011 2078 1086 2117 sto
1118 2071 1264 2118 fiebat
1291 2074 1430 2118 etiam
1447 2074 1669 2118 melitites
1686 2087 1761 2131 ap.

1010 2133 1128 2176 Plin.
1165 2133 1233 2184 14,
1265 2133 1335 2176 85.
1372 2133 1476 2176 coll.
1496 2134 1567 2184 22,
1589 2134 1686 2177 115.

1101 2192 1162 2235 ad
1188 2193 1285 2236 190.
1320 2192 1381 2235 ad
1398 2192 1565 2236 lemma
1584 2191 1639 2236 cf.
1662 2194 1760 2237 107.

1011 2251 1142 2295 sive
1175 2249 1433 2295 fondilis
1466 2251 1541 2295 vel
1574 2250 1761 2295 fondi-

1010 2310 1090 2354 lis
1141 2310 1276 2354 codd.
1325 2324 1409 2366 pro
1470 2309 1762 2355 sfondilis

1010 2369 1142 2412 Hum.
1178 2382 1297 2415 corr.
1320 2369 1685 2424 spongiolis.
1709 2395 1759 2399 —

1010 2426 1238 2472 ferveat
1256 2432 1455 2482 exsspro
1475 2426 1761 2472 ferveant

1010 2486 1169 2542 sicque
1218 2500 1274 2530 ex
1321 2487 1423 2530 aliis
1471 2486 1586 2531 locis
1642 2486 1761 2531 fer-

1010 2545 1217 2589 vuerit
1255 2559 1368 2590 corr.
1412 2559 1497 2601 pro
1532 2545 1758 2590 fervue-

1009 2605 1142 2648 rint.
1190 2630 1241 2634 ——
1287 2604 1559 2649 voletari
1598 2605 1644 2649 in
1676 2618 1760 2649 sex

1010 2664 1146 2708 codd.
1189 2663 1461 2707 volutari
1503 2664 1562 2708 ed
1600 2678 1667 2719 pr.
1713 2669 1761 2709 et

1010 2724 1110 2766 191.
1145 2722 1331 2767 codices
1352 2736 1515 2767 vocem
1542 2723 1759 2776 „lenticu-

1008 2782 1126 2825 lam“
1174 2795 1276 2825 cum
1319 2783 1567 2837 postremis
1604 2783 1759 2827 verbis

1008 2842 1219 2896 iungunt,
1258 2845 1309 2884 ut
1340 2854 1539 2896 sequens
1572 2854 1758 2896 compo-

1009 2900 1117 2943 sitio
1145 2900 1337 2956 incipiat
1363 2901 1459 2954 „De
1484 2901 1756 2944 castaneis“.
