2066 3276
678 239 778 283 Lib.
810 239 888 283 III.
952 239 1172 295 Cepuros.
1667 241 1734 293 61

259 374 344 425 91.
386 373 625 424 Betas:
681 371 951 438 concideS,
990 389 1221 440 porrum,
1266 371 1623 438 coriandrum,
1666 371 1736 425 ci-

146 446 378 512 minium,
422 463 578 498 uvam
620 462 838 514 passam
877 446 1168 511 Varianam,
1215 452 1268 500 et
1307 447 1485 499 omnia
1520 445 1586 497 -in
1627 463 1735 499 me-

148 519 325 572 dulam
365 519 555 586 mittes,
608 520 802 586 ligabis
858 524 909 572 et
959 519 1033 572 ita
1085 519 1282 574 inferes
1324 537 1392 573 ex
1429 519 1735 586 liquamine,

149 594 283 658 ole0,
327 598 496 646 aceto.

258 668 343 720 92.
395 667 560 720 Aliter
586 668 736 719 betas
766 667 960 719 elixas:
1005 683 1072 719 ex
1112 667 1316 736 senapi,
1360 667 1479 720 oleo
1519 666 1731 720 modico

149 745 201 794 et
239 745 391 794 aceto
433 742 570 793 bene
609 740 918 793 inferuntur.

259 816 345 867 93.
398 814 742 867 Holisera.
783 813 1030 867 -holisera
1067 815 1122 867 in
1160 813 1478 867 fasciculum
1516 814 1739 868 redacta

146 905 305 940 manu
346 905 412 941 ex
452 888 756 954 liquamine,
810 888 927 940 oleo
970 893 1022 942 et
1059 905 1206 942 mero
1250 890 1388 942 bene
1427 888 1736 957 inferuntur,

145 962 231 1015 vel
272 978 389 1015 cum
428 962 663 1030 piscibus
703 962 856 1014 assis.

257 1036 342 1088 94.
396 1036 625 1103 Rapas
683 1036 831 1089 sive
885 1052 1128 1105 napos:
1185 1052 1348 1104 rapas
1402 1035 1516 1089 sive
1567 1052 1739 1104 napos

234 1167 376 1211 adel.
406 1167 468 1211 ad
496 1169 765 1223 „concides“
787 1182 894 1225 sup-

144 1226 295 1282 plebis
317 1226 519 1280 „betas“.
555 1242 646 1273 non
664 1241 766 1273 raro
785 1229 895 1273 lem-

144 1286 281 1329 matis
303 1299 470 1330 nomen
495 1288 555 1331 ad
578 1289 773 1343 primum
796 1301 895 1332 ver-

145 1345 254 1389 bum
272 1345 638 1391 subaudiendum
656 1352 727 1391 est
758 1352 810 1390 ut
823 1348 892 1390 99.

148 1404 247 1454 138,
278 1404 375 1446 141.
399 1406 494 1448 192.
519 1406 616 1456 194,
635 1407 733 1449 202.
755 1419 895 1462 quare

145 1476 237 1506 non
269 1463 525 1508 audiendus
569 1466 774 1508 Listerus
818 1465 897 1521 qui

150 1522 221 1575 „in
268 1521 358 1565 hoc
407 1523 603 1568 articulo
651 1524 778 1567 nulla
804 1516 896 1567 'est

146 1581 317 1624 mentio
337 1581 488 1634 betae,
520 1583 627 1626 ideo
656 1588 815 1637 potest
834 1583 895 1626 ad

145 1639 353 1695 proxime
401 1642 609 1696 superius
657 1646 798 1697 caput
837 1642 894 1685 de

144 1699 294 1753 porris
326 1697 528 1752 referri“,
552 1714 701 1756 neque
725 1701 895 1744 Reine-

146 1758 239 1801 sius
275 1757 378 1800 Var.
414 1760 539 1803 Lect.
565 1761 608 1811 3,
643 1761 709 1802 17.
729 1773 774 1814 p.
793 1760 893 1803 634.

148 1816 226 1871 qui
258 1816 421 1860 addito
445 1818 631 1871 „aliter“
669 1819 778 1862 item
797 1819 893 1862 iun-

144 1875 227 1930 git.
274 1875 397 1919 idem
451 1890 535 1932 pro
590 1878 894 1931 „medulam“,

145 1946 282 1988 quam
314 1935 559 1992 intelleges
601 1950 656 1980 ex
687 1943 800 1980 nota
832 1937 893 1980 ad

144 1993 214 2035 43.
251 1994 449 2038 correxit
492 1996 729 2047 „trullam“
777 2008 894 2051 quae

144 2052 206 2095 sit
250 2065 334 2095 vas
382 2055 619 2105 escarium,
678 2055 894 2106 catinum,

147 2123 237 2165 quo
270 2111 590 2166 pulmentaria,
625 2114 820 2157 obsonia
847 2118 895 2157 et

145 2170 349 2224 reliquae
384 2172 528 2227 dapes
548 2173 715 2216 mensis
748 2173 895 2228 impo-

144 2234 321 2272 nantur.
379 2231 511 2274 Hum.
574 2232 764 2287 exponit
824 2233 895 2285 „in

144 2300 342 2331 massam
400 2291 799 2346 substantiamque
848 2296 895 2335 et

147 2359 314 2401 corpus
348 2353 530 2400 unum“,
574 2350 787 2393 Barthius
823 2350 895 2402 „in

145 2405 369 2450 iuseulum
413 2409 604 2463 spissius
646 2409 894 2452 medullam

144 2463 392 2509 referens“.
411 2492 464 2496 -
484 2468 691 2511 varian
706 2480 789 2510 am
808 2481 892 2523 pro

145 2521 399 2567 farinam
450 2526 625 2569 emend.
679 2540 735 2570 ex
776 2527 891 2570 Plin.

148 2582 217 2634 14,
252 2584 320 2633 29,
356 2596 411 2627 ea
442 2585 576 2628 nobis
609 2598 636 2627 a
656 2586 742 2629 viti
774 2585 894 2629 elve-

147 2641 222 2685 ola
256 2642 424 2686 dicitur
465 2644 791 2699 elbingrosine.
840 2669 894 2675 —-

145 2701 301 2744 malim
359 2701 508 2745 haec
568 2704 801 2748 omnia.-
843 2707 895 2746 ut

144 2759 314 2804 Noster
346 2761 551 2817 loquitur
574 2763 731 2806 multis
764 2762 892 2806 locis.

145 2818 368 2875 ligabis
412 2821 622 2865 codicum
666 2827 737 2866 est
777 2821 893 2866 obli—

145 2880 294 2935 gabis,
328 2881 601 2937 coagitabis.

1074 1168 1136 1212 ad
1158 1169 1230 1213 92.
1263 1182 1331 1214 ex
1362 1182 1396 1213 s.
1432 1167 1522 1213 cod
1555 1172 1673 1212 met
1702 1181 1740 1214 s.

984 1228 1163 1283 reliqui.
1198 1232 1254 1273 et
1285 1228 1424 1284 napi
1455 1227 1739 1280 [ft—bene

986 1291 1037 1331 ut
1069 1289 1138 1331 93.
1173 1301 1266 1331 non
1299 1288 1413 1331 satis
1445 1287 1633 1343 placet.1

1075 1346 1136 1389 ad
1153 1347 1221 1390 93.
1258 1345 1655 1391 oliserafcodd.
1676 1345 1737 1391 ad

988 1405 1057 1448 61.
1109 1405 1370 1450 olisatra
1416 1406 1548 1449 Hum.
1597 1405 1735 1450 codd.

985 1464 1105 1511 Plin.
1147 1465 1199 1508 Τ.
1233 1466 1254 1507 1
1299 1478 1343 1520 p.
1377 1465 1447 1508 52.
1492 1465 1570 1509 lin.
1606 1466 1643 1507 1.
1680 1463 1737 1508 cf.

986 1524 1055 1566 97.
1094 1523 1191 1566 124.
1229 1525 1326 1567 139.
1362 1523 1538 1567 Colum.
1585 1525 1653 1574 11,
1696 1525 1739 1574 3,

988 1583 1055 1625 18.
1096 1583 1162 1633 12,
1198 1584 1237 1634 7,
1274 1584 1312 1626 1.
1348 1583 1416 1625 12.
1452 1583 1520 1626 58.
1555 1581 1735 1626 Pallad.

987 1641 1028 1690 5,
1062 1641 1102 1684 3.
1138 1643 1176 1683 2.
1212 1641 1326 1684 Plin.
1366 1643 1434 1692 12,
1451 1642 1521 1684 45.
1546 1643 1615 1693 19,
1638 1642 1735 1685 162.

986 1700 1057 1751 20,
1109 1700 1205 1743 117.
1251 1700 1374 1744 Cael.
1419 1701 1533 1744 Aur.
1581 1700 1737 1745 chron.

984 1760 1028 1809 3,
1060 1759 1088 1801 4
1119 1772 1165 1814 p.
1199 1760 1301 1803 231.
1334 1759 1450 1803 Plin.
1484 1759 1588 1803 Val.
1609 1761 1651 1812 3,
1682 1759 1738 1803 14

985 1814 1061 1860 fin.
1103 1818 1183 1861 ubi
1225 1819 1344 1862 male
1388 1819 1563 1862 editum
1611 1819 1739 1872 „olo-

986 1880 1212 1921 santum“.
1247 1891 1302 1922 ea
1344 1878 1507 1932 planta
1549 1883 1621 1922 est
1665 1892 1739 1935 sy-

986 1937 1195 1979 stematis
1215 1937 1464 1993 smyrnium
1484 1937 1739 1981 olusatrum

986 1994 1321 2046 schwarzkohl,
1355 2001 1564 2039 veterum
1598 1996 1739 2040 Grae-

987 2067 1157 2105 corum,
1192 2059 1243 2097 ut
1275 2055 1492 2109 Hippocr.
1514 2060 1607 2098 nat.
1627 2055 1735 2098 mul.

986 2126 1029 2168 p.
1065 2114 1164 2155 572.
1211 2114 1312 2157 583.
1347 2114 1491 2157 morb.
1538 2114 1646 2157 mul.
1690 2127 1737 2169 p.

988 2172 1086 2214 603.
1122 2172 1353 2227 Theophr.
1388 2171 1494 2216 hist.
1528 2173 1589 2228 pl.
1627 2174 1667 2224 7,
1695 2174 1737 2224 6,

986 2232 1026 2274 3.
1061 2231 1272 2275 Dioscor.
1292 2233 1334 2283 3,
1369 2232 1436 2274 71.
1459 2231 1620 2276 Galen.
1648 2230 1736 2276 fac.

986 2290 1109 2333 alim.
1154 2291 1195 2341 2,
1239 2291 1309 2333 52.
1345 2289 1633 2339 ἷπποσέλινον,
1657 2290 1738 2335 hO-

988 2349 1249 2392 diernorum
1320 2350 1628 2404 μαυροσέλινον
1691 2354 1739 2393 et

987 2408 1291 2455 σκυλοσέλινον,
1337 2407 1621 2452 columellae
1669 2409 1738 2460 10,

988 2467 1072 2508 123
1107 2466 1208 2509 olus
1240 2466 1431 2522 pullum.
1476 2492 1530 2497 ——
1571 2480 1739 2511 manu

985 2530 1102 2569 arte.
1138 2550 1190 2555 ——
1227 2539 1348 2568 cum
1392 2527 1532 2581 pise.
1577 2527 1738 2570 assis

988 2584 1168 2638 explica
1201 2598 1257 2628 ex
1293 2586 1391 2629 127.
1425 2586 1492 2629 sie
1531 2585 1737 2630 cucurbi-

986 2647 1063 2687 tae
1097 2656 1198 2686 cum
1217 2644 1394 2699 gallina
1413 2645 1481 2688 74.
1513 2646 1616 2701 pisa
1635 2658 1736 2689 cum

985 2701 1126 2745 isiciis
1161 2704 1260 2746 198.

1074 2762 1135 2804 ad
1178 2762 1246 2805 94.
1302 2762 1600 2818 exprimes
1644 2774 1738 2806 ma·

982 2820 1119 2864 nibus
1180 2821 1473 2877 depressabis
1535 2822 1634 2865 153.
1683 2845 1736 2852 -—-—

982 2885 1173 2924 ratam
1205 2884 1249 2933 β.
1283 2904 1338 2913 -—-
1371 2880 1468 2926 vel
1507 2894 1592 2936 pro
1624 2878 1738 2927 mel
