2066 3276
325 220 428 273 126
853 221 951 265 Lib.
985 222 1062 265 VI.
1106 223 1346 278 Tropetes.

319 352 520 420 pullum
565 351 761 405 facies:
815 353 957 405 lasar
1010 371 1077 407 ex
1130 355 1251 407 vino
1304 356 1513 408 interim
1564 356 1741 424 radaS,
1798 357 1900 411 dis-

318 426 481 478 solvis
523 429 574 477 et
622 425 675 477 in
727 427 928 494 pullum
967 428 1142 481 mittis.
1184 429 1337 481 simul
1378 434 1429 481 et
1457 445 1669 495 coques,
1715 431 1902 498 pipere

319 514 597 565 asparsum
636 499 848 552 inferes.

431 572 556 623 241.
628 573 890 625 Pullum
951 574 1358 626 oxizomum:
1440 575 1543 628 olei
1617 576 1907 628 acetarium

319 646 591 712 maiorem,
643 646 772 698 satis
825 647 1034 700 modico
1075 648 1374 716 liquaminis
1420 650 1753 701 acetabulum
1815 650 1906 702 mi-

319 735 520 785 norem,
575 719 715 772 aceti
779 721 1113 773 acetabulum
1168 738 1424 789 perquam
1487 722 1759 789 minorem,
1828 724 1907 790 pi-

318 792 461 861 peris
512 793 772 861 scripulos
811 795 901 847 VI.
954 795 1250 864 petrosilini
1290 795 1592 865 scripulum,
1627 797 1771 866 porri
1801 796 1907 850 fas-

321 866 560 919 ciculum.

433 941 556 992 242.
615 941 886 993 Pullum
926 941 1294 994 numidum:
1350 943 1549 1009 pullum
1591 959 1763 1009 curas,
1817 943 1906 996 eli-

320 1030 434 1080 an,
502 1014 670 1081 lavas
741 1015 963 1082 lasaras,
1025 1016 1257 1085 piperas,
1323 1033 1559 1069 exassaS.
1633 1021 1773 1069 teres
1833 1017 1907 1085 pi-

318 1104 432 1156 per,
487 1087 750 1155 ciminum,
813 1088 1078 1142 coriandri
1138 1106 1337 1155 semen,
1404 1090 1593 1142 lasaris
1652 1090 1905 1157 radicem,

318 1166 505 1229 rutam,
545 1162 814 1229 cariotam,
858 1163 1094 1229 nucleOS‚
1137 1163 1396 1216 suffundis
1427 1169 1652 1230 acetum,
1685 1165 1807 1230 mel,
1849 1165 1907 1216 li-

321 1252 548 1303 quamen
577 1240 628 1289 et
662 1237 852 1303 oleum,
894 1238 1234 1307 temperabis
1277 1254 1394 1290 cum
1422 1236 1690 1303 fervuerit,
1730 1239 1905 1290 amolo

321 1310 546 1377 obligas.
610 1311 811 1380 pullum
863 1310 1154 1378 perfundis.
1223 1311 1376 1379 piper
1428 1312 1673 1381 aspargis
1729 1317 1781 1364 et
1832 1312 1908 1364 in-

317 1384 474 1437 feres

1157 1546 1333 1590 irradas
1367 1560 1423 1590 ex
1458 1546 1554 1590 Cat.
1592 1547 1690 1598 157,
1727 1546 1766 1590 7.
1803 1558 1908 1598 „eo-

1152 1605 1262 1649 dem
1307 1601 1475 1651 silfium
1517 1605 1746 1649 inradito“
1792 1605 1820 1650 i.
1865 1618 1903 1649 e.

318 1559 438 1591 uunc
483 1558 512 1589 a
545 1545 693 1590 lasere
727 1545 937 1601 parthico
987 1524 1078 1591 cu-⁷

317 1606 388 1650 ius
432 1609 479 1649 et
529 1606 704 1649 mentio
737 1606 808 1648 31.
858 1605 928 1648 94.
968 1607 1064 1650 199.

319 1664 421 1708 258.
475 1664 649 1707 dictum
703 1669 833 1719 puto,
891 1670 942 1708 ut
993 1678 1068 1709 ae-

319 1723 427 1767 dum
484 1723 585 1767 368.
631 1748 683 1752 —-
743 1735 770 1766 a
827 1724 961 1767 navi
1019 1729 1069 1767 ut

318 1782 420 1826 243.
453 1795 481 1825 a
511 1786 645 1837 parte
677 1783 936 1837 posteriore
960 1796 1068 1827 ven-

318 1842 405 1884 tris
447 1841 525 1896 qui
567 1845 618 1884 ut
659 1842 789 1885 navis
837 1854 977 1885 cavus
1022 1847 1070 1886 et

318 1896 495 1956 figurae
543 1900 724 1943 carinae
772 1900 932 1944 similis
982 1906 1067 1945 est.

319 1959 498 2015 aperire
531 1971 560 2001 a
590 1963 780 2014 pectore
813 1961 896 2003 207
942 1973 1068 2004 more

318 2023 492 2062 nostro.
546 2043 600 2049 —-
649 2018 694 2061 in
763 2019 1067 2074 quadrato

319 2077 464 2128 disco,
497 2076 541 2119 in
577 2077 755 2134 quadra
772 2079 801 2120 i.
821 2091 857 2121 e.
893 2091 1070 2122 mensa-

319 2136 387 2181 rio
420 2136 740 2188 instrumento,
772 2149 911 2191 supra
943 2137 1069 2192 quod.

320 2208 480 2239 carnes
519 2199 567 2238 et
609 2195 753 2263 dapes
795 2195 1067 2239 scindeban-

318 2259 393 2298 tur
441 2253 512 2298 vel
556 2254 728 2297 scissae
772 2255 1070 2310 apponeban-

318 2318 407 2364 tur,
440 2313 506 2356 sic
539 2313 715 2357 dictum
738 2326 767 2356 a
790 2313 939 2356 forma
962 2326 1071 2369 qua-

320 2372 456 2416 drata
488 2384 578 2427 qua
610 2368 711 2416 fieri
749 2372 948 2424 solebat,
977 2373 1069 2416 vel-

320 2431 389 2475 uti
431 2431 634 2475 iotunda
678 2431 956 2487 repositoria
999 2446 1070 2476 or-

318 2490 402 2535 bes
426 2490 636 2541 dicimus,
661 2489 716 2534 cf
744 2491 842 2536 403.
869 2491 1067 2546 interpp

319 2548 382 2592 ad
415 2543 552 2604 Verg.
585 2525 645 2592 A.
683 2550 722 2601 7,
749 2549 1069 2594 115.Beeke1i

322 2607 441 2652 Gall.
490 2608 571 2652 III.
619 2622 662 2664 p.
712 2609 810 2652 259.
863 2610 961 2652 260.
1013 2635 1067 2641 -

319 2667 484 2711 laser
515 2672 573 2711 et
616 2668 814 2711 vinum
853 2667 1069 2711 inteli—

321 2726 425 2770 das
489 2726 626 2770 codd.
689 2726 982 2771 interitas
1036 2728 1066 2775 ζ.

320 2785 461 2830 etiam
508 2786 686 2829 tentavi
728 2786 980 2829 intritas
1023 2791 1070 2830 et

320 2844 580 2888 intricas
623 2849 670 2889 et
716 2845 1069 2888 interradas

1158 1664 1310 1708 radito
1343 1669 1391 1708 et
1422 1664 1695 1720 inspergsto,
1729 1668 1777 1708 et
1811 1663 1903 1717 „la-

1157 1724 1397 1778 serpitium
1445 1724 1690 1766 inrasum“.
1736 1727 1783 1766 et
1830 1735 1903 1778 ap.

1157 1782 1272 1825 Plin.
1324 1782 1424 1826 Val.
1468 1782 1511 1833 4,
1556 1784 1625 1826 29.
1669 1782 1906 1825 radiculae

1160 1841 1321 1884 laseris
1371 1854 1427 1884 ex
1477 1846 1612 1884 aceto
1673 1846 1720 1884 et
1768 1840 1905 1885 melle

1162 1905 1472 1943 conteruntur.
1510 1900 1756 1943 subtritum
1784 1900 1907 1943 lasar

1161 1972 1300 2014 supra
1336 1960 1417 2002 199
1466 1960 1526 2002 ad
1558 1959 1657 2002 302.

1249 2018 1310 2061 ad
1342 2017 1442 2062 241.
1486 2018 1816 2062 oxizomum
1857 2021 1908 2060 ut

1160 2077 1260 2120 392.
1297 2076 1532 2130 ὀξύζωμον,
1576 2083 1766 2121 acetoso
1810 2076 1907 2119 iure

1162 2136 1412 2187 conditum,
1472 2136 1667 2191 opponit
1724 2135 1910 2179 melizo-

1160 2208 1282 2238 mum
1327 2198 1365 2236 2.
1413 2220 1464 2226 —
1510 2194 1744 2238 modico
1797 2198 1909 2237 tcm-

1162 2266 1276 2307 pore
1317 2258 1441 2308 post,
1486 2259 1533 2297 et
1575 2254 1673 2296 301.
1719 2258 1766 2296 et
1797 2252 1910 2295 alibi

1164 2325 1278 2356 corr.
1312 2326 1395 2367 pro
1430 2313 1673 2361 modice.
1712 2337 1763 2340 —
1808 2323 1909 2355 ace-

1162 2377 1258 2414 tum
1290 2372 1438 2415 minus
1469 2373 1569 2414 387.
1602 2396 1644 2401 β
1687 2375 1918 2426 petros..

1161 2430 1372 2485 script.
1406 2444 1460 2474 ex
1493 2435 1524 2482 β
1556 2429 1910 2486 quipetrosi-

1162 2490 1353 2533 lenum
1386 2502 1490 2533 scr.
1536 2515 1589 2520 —
1647 2489 1813 2544 porri
1854 2501 1911 2532 ex

1160 2561 1256 2604 par.
1302 2554 1349 2592 et
1390 2549 1522 2592 Hum.
1567 2562 1651 2603 pro
1684 2560 1909 2603 porros.

1249 2608 1322 2651 ad.
1358 2608 1443 2651 242
1488 2608 1789 2651 numidum
1830 2619 1910 2649 nu-

1161 2667 1391 2719 midicum,
1439 2667 1504 2711 sic
1533 2668 1696 2718 dacus,
1735 2665 1910 2715 medus,

1160 2726 1315 2778 italus,
1328 2726 1530 2778 colchus,
1543 2726 1669 2782 apud
1680 2726 1798 2769 alios
1808 2736 1911 2768 esse

1162 2786 1393 2830 numidam
1417 2786 1760 2841 meleagridem‚
1793 2783 1911 2839 perl-

1161 2844 1299 2897 huhn,
1333 2850 1492 2889 notum
1526 2851 1610 2888 est.
1657 2870 1704 2873 m
1742 2844 1912 2886 lavas
