2066 3276
665 244 763 289 Lib.
798 243 876 289 IV.
941 244 1214 290 Pandectes.
1671 246 1742 299 83

260 379 380 431 147.
458 377 715 430 Patina
771 383 1027 431 zemate
1087 394 1461 445 garceneo:
1542 377 1735 432 crudos

146 451 409 517 quoslibet
448 451 626 519 pisces
665 452 719 504 in
757 452 942 519 patina
982 469 1272 519 conponeS,
1314 451 1515 505 adicies
1545 453 1736 519 oleum,

144 526 427 592 liquamen,
480 525 658 577 vinum
698 531 922 591 coctum,
963 525 1275 578 fasciculum
1314 526 1474 595 porri,
1530 526 1737 579 corian-

146 598 241 650 dri.
295 599 418 650 dum
471 599 727 666 coquitur,
782 604 922 652 teres
962 599 1131 667 piper,
1186 600 1490 666 ligisticum,
1533 600 1741 667 origani

143 672 472 739 fasciculum,
528 672 595 725 de
649 689 743 724 suo
796 673 896 725 sibi
946 673 1179 739 fricabis,
1231 672 1507 726 suffundes
1547 674 1628 727 ius
1670 673 1739 727 de

145 763 239 799 suo
281 746 395 812 sibi,
452 763 554 798 ova
594 746 757 799 cruda
798 746 1077 811 dissolveS,
1132 751 1415 816 temperas.
1463 747 1739 801 exinanies

144 820 197 871 in
236 820 488 888 patinam.
530 819 697 872 facies
737 825 793 872 ut
828 821 1106 886 obligetur.
1150 837 1268 874 cum
1293 821 1537 889 tenuerit,
1580 821 1739 890 piper

145 894 390 961 aspargis
432 898 483 946 et
519 893 731 947 inferes.

260 969 379 1020 148.
421 967 673 1020 Patina
713 967 1088 1020 solearum:
1131 967 1307 1020 soleas
1337 968 1544 1022 battues
1574 973 1627 1022 et
1654 985 1740 1022 cu-

145 1046 287 1093 ratas
328 1058 602 1112 conpones
640 1042 695 1093 in
734 1042 934 1110 patina,
976 1041 1179 1095 adicies
1221 1042 1411 1108 oleum,
1452 1043 1740 1111 liquamen,

145 1115 338 1168 vinum.
395 1115 519 1168 dum
569 1116 826 1183 coquitur,
880 1120 1021 1169 teres
1061 1116 1232 1184 piper,
1283 1116 1585 1185 ligisticum,
1641 1117 1741 1171 ori-

146 1205 360 1257 ganum,
401 1188 635 1257 fricabis,
676 1189 949 1243 suffundes
989 1189 1086 1257 iuS,
1139 1207 1242 1243 ova
1283 1190 1450 1243 cruda
1490 1196 1543 1244 et
1581 1208 1743 1244 unum

147 1280 339 1332 corpus
379 1262 561 1317 facies
613 1281 773 1333 super
813 1265 990 1317 soleas
1029 1263 1300 1332 refundeS,
1355 1265 1497 1318 lento
1539 1264 1651 1333 igni
1691 1271 1744 1319 et

148 1354 362 1405 coques.
407 1354 525 1392 cum
565 1337 790 1406 duxerit,
831 1339 986 1408 piper
1025 1339 1271 1407 aspargis
1313 1344 1365 1392 et
1402 1339 1616 1394 inferes

236 1470 296 1513 ad
332 1470 427 1513 147.
491 1471 557 1514 sic
589 1484 645 1515 ex
685 1470 895 1515 codicum

148 1534 384 1573 zomote
446 1542 734 1585 ganonas,
798 1544 895 1573 zo-

149 1594 302 1632 mote
351 1601 603 1644 ganone,
657 1602 895 1633 zomore

148 1659 396 1702 ganona,
427 1660 700 1692 zamorae
724 1661 896 1703 gano-

147 1719 248 1749 nas
288 1712 335 1750 et
374 1706 585 1750 adhibito
633 1711 890 1775 „garoeno“

152 1765 249 1808 149.
282 1779 366 1821 pro
398 1766 531 1809 Hum
567 1780 623 1821 p
644 1767 894 1822 piscium

150 1826 604 1880 zomoteganite
659 1826 793 1869 effeci
848 1831 899 1869 ut

149 1885 209 1927 sit
250 1884 388 1937 ζεματι
439 1902 556 1940 γαροι
546 1901 598 1924 ιιν
593 1890 673 1939 ''¹5”
721 1885 899 1929 iusculO

149 1943 354 1998 inprimis
377 1956 433 1987 ex
450 1956 564 1998 garo
583 1949 631 1987 et
649 1944 755 1988 vino
775 1945 900 2000 quod

152 2006 349 2045 constat.
384 2016 513 2046 zema
546 2003 645 2055 ζέμα
679 2017 779 2048 esse
814 2004 898 2050 ζω-

150 2060 250 2113 μὸν,
272 2059 469 2114 ζώμευμα
494 2061 724 2106 Dufresne
747 2063 898 2107 GlOSS.

152 2120 203 2163 T.
237 2120 314 2163 VI.
359 2134 402 2175 p.
448 2122 546 2164 933.
591 2122 681 2165 iam
726 2122 898 2165 docuit.

154 2205 207 2210 -
227 2180 418 2222 vinum
440 2185 663 2224 coctum
683 2188 733 2223 ut
750 2181 900 2225 Edict.

152 2238 349 2282 Dioclet.
375 2241 415 2290 2.
441 2240 506 2282 15.
542 2245 612 2283 est
646 2240 903 2291 decoctum,

153 2296 298 2352 ἕψημα
323 2299 458 2347 οἴνου,
482 2297 617 2351 ἑφθὸς
647 2301 762 2345 οἷ’-νος
794 2299 905 2355 Hip-

153 2362 333 2411 pocrat.
366 2370 409 2411 p.
444 2358 545 2409 359,
580 2359 618 2400 6.
652 2358 826 2402 Athen.
865 2361 903 2409 1,

154 2416 224 2458 57.
274 2417 485 2467 siracum,
533 2429 649 2471 sapa
695 2417 904 2468 aliorum,

154 2474 269 2517 Plin.
320 2475 386 2525 14,
429 2476 499 2519 80.
551 2476 782 2519 Hermann
827 2476 902 2520 Gr.

155 2534 396 2577 Privatalt.
444 2538 479 2586 ξ.
517 2535 586 2585 26,
636 2535 674 2577 7.
723 2559 777 2567 —
839 2535 906 2579 de

155 2606 259 2636 suo
293 2593 342 2636 si
361 2593 416 2637 bi
448 2607 603 2638 secum
626 2595 753 2648 ipsis,
782 2608 906 2638 seor-

155 2652 253 2703 sim,
300 2653 434 2696 melle
477 2666 569 2696 non
609 2653 771 2697 addito
806 2655 904 2697 209.

155 2712 256 2755 399.
292 2713 378 2756 ius
413 2712 479 2756 de
513 2725 615 2756 suo
649 2713 768 2757 sibi
792 2713 908 2756 illud

158 2771 201 2813 in
228 2785 319 2827 quo
343 2772 493 2827 pisces
523 2778 796 2827 coquuntur,
828 2785 907 2828 pa-

159 2831 371 2874 tinarium
411 2832 503 2874 165.
539 2832 605 2874 sic
638 2831 814 2875 Colum.
839 2833 907 2883 12,

158 2890 230 2941 42,
265 2894 302 2932 2.
339 2891 461 2933 mala
493 2892 537 2934 in
571 2905 654 2934 suo
688 2892 777 2935 sibi
812 2893 908 2936 iure

988 1471 1320 1527 decoquuntur.
1356 1471 1471 1515 sat1s
1495 1485 1616 1516 nunc
1634 1485 1740 1516 con-

987 1535 1083 1573 stat
1117 1530 1257 1584 „sibi“
1305 1543 1406 1574 cum
1449 1535 1611 1584 „suus“
1647 1545 1739 1576 ser-

987 1603 1167 1633 monem
1200 1589 1421 1633 rusticum
1454 1590 1661 1646 iungere.
1683 1616 1730 1621 —

986 1649 1254 1692 tenuerit
1290 1649 1385 1692 159.
1422 1649 1606 1693 duxerit
1635 1650 1735 1694 140.

990 1708 1085 1751 148.
1123 1708 1223 1751 205.
1247 1708 1346 1750 367.
1382 1709 1621 1752 strinxerit
1642 1710 1739 1752 151.

987 1767 1061 1811 vel
1119 1768 1148 1810 i.
1190 1780 1230 1822 q.
1278 1768 1565 1812 concreverit
1614 1768 1743 1812 velut

991 1832 1073 1870 aut
1135 1827 1420 1878 constiterit,
1490 1828 1742 1880 strinxerit,

993 1886 1167 1930 coierit.

1081 1945 1142 1987 ad
1178 1945 1274 1988 148.
1339 1958 1394 1988 ex
1436 1945 1553 1988 Plin.
1595 1946 1637 1994 9,
1670 1945 1745 1989 68..

996 2004 1144 2057 „circa
1175 2004 1380 2047 Ebusum
1413 2004 1547 2059 salpa
1578 2004 1745 2059 princi-

991 2069 1153 2118 patum
1173 2063 1368 2114 obtinet,
1388 2063 1615 2107 obscenus
1633 2064 1747 2107 alibi

994 2129 1041 2166 et
1064 2123 1142 2177 qui
1158 2135 1381 2177 nusquam
1399 2123 1623 2178 percoqui
1640 2136 1747 2178 pos-

995 2182 1056 2225 sit
1110 2181 1197 2224 nisi
1249 2181 1397 2225 t'erulo
1447 2181 1746 2226 verberatus“

996 2241 1105 2284 olim
1153 2241 1294 2284 malui
1340 2241 1647 2296 salparum
1703 2245 1751 2285 et

996 2313 1017 2343 s
1030 2312 1058 2342 a
1072 2300 1127 2354 lp
1141 2312 1214 2343 as.
1247 2313 1368 2343 nunc
1390 2299 1578 2344 confero
1597 2301 1750 2344 iocum

995 2358 1151 2401 Plauti
1195 2358 1344 2402 Casin.
1391 2360 1433 2410 2,
1467 2360 1507 2409 8,
1541 2359 1611 2402 60.
1650 2372 1750 2412 „so-

995 2418 1093 2461 leas
1108 2422 1127 2460 P
1146 2417 1224 2472 qui
1243 2429 1418 2473 quaeso
1437 2418 1594 2472 potius
1614 2431 1751 2473 quam

997 2476 1274 2531 sculponeas
1320 2476 1486 2532 quibus
1529 2476 1753 2520 batuatur

997 2536 1084 2579 tibi
1128 2538 1222 2580 os“.
1267 2536 1306 2579 is
1348 2536 1489 2591 piscis
1524 2536 1752 2580 delicatus

998 2595 1132 2639 nobis
1185 2595 1353 2639 dicitur
1408 2595 1562 2639 adhuc
1621 2594 1753 2640 sohle

999 2660 1161 2710 estque
1194 2655 1463 2711 systematis
1483 2655 1755 2710 pleuronec·

999 2719 1069 2758 tes
1092 2714 1235 2758 solea.
1263 2739 1316 2743 -
1350 2714 1646 2765 battuere,
1674 2727 1755 2758 un-

1002 2774 1059 2817 de
1094 2773 1281 2817 barbari
1313 2771 1523 2819 fecerunt
1555 2773 1755 2826 battere,

1000 2833 1250 2884 battidere,
1297 2832 1419 2876 Galli
1451 2833 1621 2883 battre,
1664 2832 1755 2875 Pli—

1001 2892 1062 2935 nii
1096 2898 1168 2935 est
1202 2892 1352 2936 ferula
1390 2892 1649 2935 verberare.
