2066 3276
639 250 740 294 Lib.
773 250 827 294 V.
893 250 1107 305 Ospreos.
1614 255 1715 305 111

127 388 252 435 vata
290 383 464 436 mittes
503 384 557 435 in
598 383 825 436 cundem
864 384 1081 450 pullum.
1137 401 1255 436 cum
1309 390 1490 439 coctus
1542 386 1715 452 fuerit,

129 458 294 522 levaS,
340 474 558 510 exossas
601 457 871 528 [concides
911 457 1209 509 minutatim
1263 475 1450 526 cepam
1492 464 1545 510 et
1585 460 1715 512 cori-

127 529 388 600 andrum],
432 531 575 583 colas
633 531 705 583 ibi
745 531 917 598 pisam
948 536 1170 596 coctam,
1211 548 1319 583 non
1349 532 1617 585 conditam
1645 566 1716 571 —

127 604 363 671 accipies
403 605 713 670 angularem
756 636 822 641 —
875 621 971 671 pro
1012 604 1170 655 modo
1226 622 1496 673 conpones
1550 607 1712 661 varie.

127 676 323 729 deinde
362 682 504 730 teres
543 678 713 745 piper,
757 678 1019 742 ciminum,
1063 678 1321 730 suffundis
1373 680 1456 732 ius
1510 680 1578 732 de
1617 697 1713 734 suo

126 750 242 817 sibi,
283 750 410 803 item
447 751 501 802 in
542 751 790 802 mortario
833 767 935 803 ova
975 751 1078 803 duo
1121 751 1383 819 dissolvis,
1425 758 1713 821 temperas,

130 822 227 894 [ius
269 823 337 876 de
377 840 472 875 suo
513 822 630 894 sibi]
674 824 932 877 suffundis
971 824 1125 892 pisae
1163 825 1372 893 integre
1402 827 1591 894 elixae,
1627 829 1714 881 vel

127 897 330 950 nucleis
383 896 688 965 adornabiS,
742 903 794 949 et
841 898 984 951 lento
1014 898 1126 965 igni
1176 898 1388 953 fervere
1439 899 1607 955 facies
1662 907 1714 955 et

123 970 334 1023 inferes„

238 1045 362 1097 207.
417 1044 586 1097 Aliter
640 1044 964 1098 concicla
1023 1045 1425 1099 inculcatus
1475 1049 1711 1116 pullus

123 1118 235 1170 vel
285 1119 675 1186 porcellus:
731 1119 1008 1172 exossabis
1048 1120 1265 1190 pullum,
1319 1137 1353 1172 a
1402 1127 1622 1192 pectore
1663 1129 1715 1177 et

122 1190 326 1244 femora
367 1191 479 1246 eius
518 1192 694 1259 iungis
733 1193 788 1245 in
827 1198 1144 1261 porrectum,
1186 1195 1397 1247 surculo
1438 1196 1631 1263 alligas
1661 1202 1713 1251 et

122 1265 402 1335 inpensam
454 1283 632 1334 paras,
689 1272 740 1320 et
790 1266 984 1320 farcies
1036 1267 1252 1321 alternis
1303 1268 1492 1336 pisam,
1558 1276 1712 1324 cocta

126 1340 409 1406 cerebella,
453 1341 722 1393 lucanicas
764 1346 816 1393 et
869 1346 1062 1394 cetera.
1117 1346 1258 1394 teres
1297 1342 1467 1410 piper,
1522 1344 1709 1411 ligisti-

125 1430 258 1479 cum,
323 1414 603 1480 origanum
656 1420 708 1467 et
760 1414 1022 1482 gingiber,
1089 1415 1358 1484 liquamen
1414 1418 1706 1485 suffundeS,

121 1487 243 1538 vino
287 1492 338 1541 et
379 1505 540 1555 passo
582 1489 923 1556 temperabis,
966 1489 1133 1542 facies
1174 1494 1229 1541 ut
1267 1489 1477 1543 ferveat
1516 1497 1708 1545 etcum

120 1560 387 1627 fervuerit,
430 1562 589 1614 mittis
630 1562 854 1616 modice.
909 1568 960 1615 et
1006 1563 1287 1630 inpensam
1329 1564 1610 1633 condieriS,
1665 1567 1709 1619 si

121 1635 335 1688 alternis
375 1635 428 1686 in
467 1636 612 1703 pullo
655 1636 929 1705 conponis,
974 1642 1185 1689 omento
1226 1637 1364 1703 tegis
1395 1643 1446 1691 et
1470 1639 1523 1691 in
1552 1657 1704 1708 oper-

120 1709 237 1761 culo
281 1708 507 1776 deponis
549 1714 601 1762 et
638 1709 693 1762 in
730 1709 939 1762 furnum
979 1711 1156 1777 mittis,
1198 1716 1255 1762 ut
1294 1717 1550 1778 coquatur
1576 1730 1704 1782 pau-

116 1781 261 1835 latim
303 1788 355 1836 et
392 1781 606 1837 inferes.

117 1913 335 1958 clarem
382 1914 456 1959 vel
505 1915 859 1967 conclarem,

115 1974 249 2017 Hum.
309 1987 365 2017 ex
423 1973 493 2017 ed.
544 1988 612 2029 pr.
663 1975 860 2019 conci-

116 2031 277 2075 clam.
327 2058 380 2064 —
424 2046 529 2087 pro
562 2034 732 2078 modo
766 2048 860 2078 mo-

115 2091 216 2135 dice
259 2091 357 2135 207.
404 2092 462 2135 de
505 2105 589 2136 suo
633 2093 772 2136 modo
806 2105 861 2136 ac

113 2162 300 2194 numero
338 2152 375 2196 1.
420 2151 509 2195 ius
543 2152 611 2196 de
644 2165 747 2196 suo
780 2153 859 2195 si-

112 2209 169 2253 bi
216 2210 456 2265 pullinum.
512 2235 569 2242 —-
626 2212 860 2268 integre

112 2268 261 2323 plene,
295 2270 479 2314 omnino
514 2283 626 2314 corr.
661 2285 745 2325 pro
779 2271 859 2314 in-

113 2333 338 2383 tegrae.
382 2355 436 2360 —
485 2342 586 2373 eam
629 2329 859 2386 coquendi

111 2388 336 2431 rationem
376 2402 448 2432 me
489 2402 582 2432 non
626 2389 761 2444 plene
793 2389 858 2431 in-

111 2445 333 2501 tellegere
350 2445 515 2490 fateor.
534 2447 717 2503 aliquot
736 2460 857 2491 men-

111 2503 172 2547 da
203 2505 348 2549 latere
383 2506 608 2550 videntur.

199 2564 260 2606 ad
292 2564 391 2607 207.
435 2578 519 2619 pro
555 2565 859 2609 conciola-

110 2626 201 2666 tus
233 2623 481 2679 legendum
528 2637 628 2668 csse
661 2624 859 2667 incul-

110 2686 277 2725 catus
325 2683 400 2726 vel
463 2683 859 2727 conculcatus

108 2741 136 2784 i.
159 2755 195 2785 e.
228 2739 425 2785 infartus
458 2742 636 2786 monuit
667 2743 857 2786 verbum

110 2800 287 2845 calcare
319 2801 388 2843 54.
424 2806 472 2845 et
502 2801 680 2846 Arnob.
718 2803 757 2854 7,
787 2802 855 2845 24.

112 2857 377 2915 „farcimina
398 2861 690 2906 comminutis
716 2861 857 2917 incul-

952 1920 1058 1959 cata
1089 1915 1429 1970 pulmonibus“.
1454 1943 1508 1948 —
1544 1931 1704 1963 exos-

951 1980 1119 2018 satus
1169 1975 1302 2019 codd.
1361 1976 1452 2019 iam
1502 1979 1704 2022 correxit

951 2034 1081 2077 Hum.
1106 2035 1183 2088 qui
1202 2034 1349 2078 edidit
1369 2035 1556 2080 aliter
1581 2049 1705 2081 con-

952 2093 1147 2136 chicla
1167 2091 1401 2138 farsilis
1426 2096 1556 2138 sive
1581 2109 1705 2140 con-

954 2152 1234 2196 ciclatus.
1297 2153 1342 2195 in
1401 2153 1535 2197 codd.
1596 2160 1706 2210 post

956 2212 1246 2266 „inpensam“
1323 2212 1415 2256 duo
1486 2215 1705 2269 marginis

951 2271 1094 2315 verba
1137 2275 1244 2314 sunt
1292 2271 1527 2324 „conciola
1573 2272 1705 2317 farsi-

950 2330 1049 2372 lis“.
1087 2355 1140 2360 —
1179 2343 1208 2373 a
1239 2336 1488 2384 pectore
1522 2333 1704 2387 aperies

950 2389 1052 2431 253.
1101 2414 1156 2419 —
1190 2390 1430 2433 surculo
1481 2390 1703 2447 alligas

948 2447 1100 2491 locum
1117 2447 1355 2491 habebunt
1378 2453 1487 2493 ante
1523 2463 1704 2503 „omen-

951 2511 1000 2550 to
1059 2507 1222 2562 tegis“.
1287 2533 1340 2538 —
1400 2508 1601 2564 iungis
1650 2510 1704 2554 in

950 2570 1291 2620 porrectum
1353 2569 1569 2623 porrigis,
1628 2582 1703 2613 ex-

951 2630 1131 2668 tensum
1165 2625 1370 2680 leporem
1389 2640 1581 2672 onerare
1599 2627 1700 2672 401.

949 2709 1004 2715 —-
1067 2685 1259 2739 pisam
1322 2685 1529 2738 lotam,
1593 2699 1702 2733 cer.

950 2743 1084 2787 codd.
1131 2743 1239 2787 olim
1296 2758 1411 2789 corr.
1456 2749 1702 2800 coctam,

949 2803 1032 2846 sed
1081 2808 1216 2846 cocta
1279 2804 1509 2849 cerebella
1556 2805 1701 2852 habes

948 2862 1018 2906 41.
1057 2863 1154 2906 137.
1191 2863 1289 2906 166.
1332 2864 1428 2907 185.
1463 2865 1562 2910 372.
1598 2866 1699 2927 403,
