2066 3276
265 193 368 244 146
784 191 884 234 Lib.
918 190 1017 234 VII.
1067 191 1304 235 Politeles.

373 324 496 375 296.
539 321 743 374 Lai-di
787 327 1101 374 coctura:
1144 327 1341 374 tectum
1368 337 1508 389 aqua
1537 338 1654 374 cum
1685 322 1846 373 multo

260 401 418 450 aneto
461 412 675 461 coqueS‚
718 397 892 447 oleum
930 394 1196 448 modicum
1238 395 1529 447 destillabis
1582 400 1634 446 et
1683 394 1849 446 modi-

261 487 379 522 cum
419 469 560 522 salis.

372 543 495 594 297.
575 541 908 594 Iocinera
965 540 1218 593 aedina
1277 541 1389 594 vel
1446 540 1708 606 agnina
1773 540 1851 593 sic

261 632 489 682 coques:
533 631 727 681 aquam
767 615 988 666 mulsam
1028 614 1196 667 facies
1237 618 1290 667 et
1330 631 1448 679 ova,
1489 618 1698 683 partem
1743 614 1851 666 lac-

259 690 324 742 tis
364 688 616 741 admiscis
657 689 733 741 eis
775 692 829 739 ut
859 687 1035 743 incisa
1072 687 1311 740 iocinera
1338 689 1605 740 sorbeant.
1656 703 1853 753 coques

205 2374 211 2381 .
262 2335 441 2381 hasen“.

261 768 313 815 et
352 778 624 829 oenogaro
666 762 850 831 pipere
891 778 1113 831 asparso
1153 760 1368 814 inferes

372 837 495 889 298.
564 836 789 887 Aliter
844 833 1199 905 [iocinera]
1255 835 1316 886 in
1368 832 1844 902 pulmonibus:

262 927 329 962 ex
366 910 505 962 lacte
545 909 696 961 lavas
731 909 1012 976 pulmones
1053 939 1121 945 -—
1164 913 1215 960 et
1268 908 1413 960 colas
1456 906 1599 974 quod
1653 924 1848 974 capere

259 987 482 1052 possunt
521 1013 591 1020 —-
633 987 685 1034 et
724 981 1015 1047 confringis
1057 999 1158 1032 ova
1182 981 1288 1033 dua
1316 980 1496 1046 cruda,
1521 980 1648 1033 salis
1678 997 1849 1046 grana

260 1074 451 1127 pauca,
491 1056 663 1109 mellis
702 1055 922 1121 ligulam
963 1060 1016 1108 et
1055 1055 1279 1107 similam
1332 1054 1614 1107 conmiscis
1674 1059 1725 1107 et
1776 1054 1853 1105 in-

259 1131 377 1199 ples
416 1130 714 1198 piilmoneS‚
758 1129 926 1181 elixas
969 1133 1021 1182 et
1063 1128 1317 1181 concidis.

262 1274 445 1319 duobus
491 1273 661 1326 fundiS,
704 1287 899 1330 quorum
941 1273 1007 1316 in-

260 1334 416 1378 feriori
455 1333 683 1390 igniculus
723 1333 1008 1388 superimpo-

258 1393 471 1444 nebatur,
503 1392 731 1448 superiori
762 1392 860 1435 sive
892 1392 1008 1435 inte-

260 1452 372 1495 riori
405 1452 495 1496 cibi
538 1464 654 1508 quos
696 1450 899 1506 igniculo
934 1464 1009 1494 co-

261 1511 340 1567 qui
352 1510 584 1555 volebant.
599 1510 855 1562 ἰπνολέβητα
869 1510 1008 1554 etiam

261 1569 442 1614 confert
483 1571 539 1614 Is.
586 1569 779 1613 Vossius
821 1569 882 1612 ad
926 1569 1009 1613 Ca-

260 1629 361 1673 tull.
404 1642 449 1684 p.
488 1629 588 1672 318.
634 1641 729 1684 seq.
771 1641 910 1682 super
952 1641 1007 1671 eo

265 1700 475 1744 „prunae
551 1687 717 1744 batillo
735 1690 764 1731 ⁴⁴.
827 1687 1009 1730 Horatii

261 1761 391 1791 serm.
430 1748 469 1798 1,
501 1747 543 1797 5,
575 1747 646 1790 36.
686 1746 884 1802 spongia
917 1750 1008 1790 tor-

260 1811 386 1850 retur
417 1818 492 1861 ap.
525 1804 726 1850 Marcell.
770 1805 902 1860 Emp.
937 1805 1008 1848 27.

261 1879 307 1921 p.
344 1865 438 1907 127.
473 1865 516 1909 b.
559 1864 629 1908 ed.
675 1863 789 1907 Ald.
831 1863 1008 1907 batillis

261 1924 421 1968 ferreis
455 1923 758 1967 candentibus
799 1928 1007 1966 ramento

260 1983 480 2038 imposito
499 1987 742 2038 argentum
762 1981 888 2037 quod
907 1994 1010 2025 can-

262 2042 419 2085 didum
466 2045 737 2097 permaneat
786 2040 1011 2095 probatur

260 2113 333 2156 ap.
368 2100 483 2144 Plin.
517 2101 588 2151 33,
620 2100 717 2143 127.
754 2106 801 2144 et
833 2100 1010 2155 experi-

260 2165 465 2204 mentum
512 2159 641 2202 aliud
687 2154 742 2201 fit
787 2160 860 2208 34,
911 2160 1009 2201 112.

259 2217 637 2274 Wackernagclii
655 2217 882 2261 Vocabul.
901 2217 1007 2272 Opt.

260 2292 303 2332 p.
335 2279 402 2320 18.
429 2277 604 2331 ‘„batus
638 2277 827 2320 batillus
858 2276 1008 2332 gluot·

495 2362 548 2368 -
609 2335 851 2379 oblinas
901 2348 1014 2379 corr.

260 2409 345 2451 pro
379 2395 645 2451 obligas.
682 2420 735 2426 —-
771 2407 1016 2449 passum

260 2455 307 2498 in
339 2454 548 2509 plurimis
571 2454 718 2504 deest,
751 2454 790 2496 si
808 2467 891 2497 suo
911 2453 1016 2497 loco

262 2519 343 2565 est,
362 2513 616 2567 explicabis
634 2512 852 2567 pandum,
882 2511 1014 2555 flach.

262 2597 316 2602 —-
366 2572 547 2616 aliam
594 2576 829 2626 partem
877 2571 1014 2614 codd.

261 2655 319 2662 -—-
352 2635 572 2686 pactas
606 2643 719 2673 corr.
754 2643 838 2684 pro
873 2628 1017 2673 frac-

262 2695 353 2735 tas
386 2690 461 2735 vel
495 2688 697 2733 factas
731 2687 786 2732 cf.
821 2689 922 2732 302.
957 2714 1010 2720 —

262 2754 491 2794 musteo
524 2761 622 2804 par.
659 2748 777 2792 unde
811 2748 1011 2791 conicias

261 2813 456 2854 musto
506 2806 708 2852 factas
756 2806 1007 2852 confectas.

1102 1299 1154 1303 —
1188 1273 1497 1318 sorbuerit
1529 1277 1577 1317 et
1609 1285 1852 1317 recusa-

1100 1333 1252 1377 verit
1295 1332 1428 1377 codd.
1474 1332 1520 1375 in
1563 1346 1654 1376 uno
1701 1333 1721 1380 ζ
1761 1346 1854 1377 re-

1101 1393 1441 1436 cusaverint
1473 1391 1599 1447 quod
1622 1396 1695 1436 est
1732 1405 1852 1444 „non

1100 1451 1362 1495 sorbuerint
1395 1463 1478 1495 seu
1509 1450 1820 1495 imbiberint“.

1190 1509 1250 1553 ad
1283 1511 1382 1554 296.
1427 1508 1608 1552 lardum
1641 1509 1715 1554 vel
1749 1509 1856 1553 lari-

1102 1569 1207 1613 dum
1243 1574 1314 1613 est
1346 1581 1453 1612 caro
1487 1568 1625 1611 suilla
1666 1581 1854 1625 quoquo

1099 1628 1240 1672 modo
1273 1628 1412 1672 salita
1445 1631 1492 1672 et
1526 1628 1717 1678 siccata,
1762 1627 1855 1671 Ve-

1099 1692 1193 1742 get.
1236 1687 1293 1730 de
1334 1700 1382 1731 re
1416 1686 1507 1730 mil.
1541 1685 1583 1737 4,
1619 1687 1656 1729 7.
1701 1685 1855 1729 larida

1101 1758 1209 1789 caro
1242 1746 1287 1789 in
1321 1745 1434 1789 God.
1469 1745 1704 1789 Theodos.
1739 1746 1780 1796 8,
1811 1745 1854 1796 4,

1103 1805 1171 1848 17.
1204 1804 1252 1847 id
1284 1810 1355 1849 est
1392 1804 1558 1859 λαρινὸς
1599 1803 1774 1848 Athen.
1811 1805 1855 1855 9,

1103 1864 1170 1906 18.
1218 1877 1311 1907 non
1356 1863 1513 1918 „large
1558 1863 1714 1907 arida“
1762 1876 1852 1907 sec.

1100 1922 1301 1966 Macrob.
1335 1926 1421 1965 sat.
1459 1923 1589 1973 7,1'·2,
1613 1924 1652 1965 2.
1688 1921 1854 1977 speck-

1100 1980 1434 2036 poekelfleisch
1446 1981 1588 2024 vertit
1600 1982 1856 2025 Mommsen

1100 2040 1161 2083 ad
1189 2040 1339 2083 Edict.
1383 2040 1531 2083 Diocl.
1573 2053 1618 2095 p.
1664 2041 1734 2083 72.
1783 2040 1854 2083 73.

1101 2124 1155 2130 -
1191 2099 1219 2143 (1
1235 2112 1258 2143 e
1273 2112 1294 2142 s
1308 2098 1377 2142 til
1393 2099 1431 2141 l.
1466 2098 1855 2154 superinstillabis

1101 2171 1216 2202 corr.
1251 2171 1335 2214 pro
1370 2157 1594 2201 distill.

1188 2217 1249 2260 ad
1283 2217 1380 2259 297.
1430 2229 1578 2272 aqua
1609 2216 1853 2260 mulsam

1100 2275 1173 2320 ed.
1204 2289 1271 2331 pr.
1302 2276 1476 2320 282—
1510 2279 1854 2331 partemmo-

1108 2334 1260 2378 dicum
1307 2339 1359 2378 ut
1411 2335 1511 2379 160.
1560 2360 1614 2366 —-
1663 2334 1857 2377 incisa

1108 2394 1297 2438 cultello
1343 2393 1418 2437 vel
1460 2406 1546 2437 acu
1577 2397 1763 2449 puncta.
1801 2417 1853 2424 —-

1108 2454 1532 2508 oenogaro299.
1563 2453 1737 2507 scripto
1754 2465 1856 2507 per-

1107 2510 1286 2555 fundes.

1195 2570 1257 2614 ad
1289 2570 1388 2614 298.
1447 2569 1538 2613 iam
1571 2568 1690 2613 vidit
1720 2568 1854 2612 Hum.

1106 2630 1387 2680 iocinera,
1431 2628 1556 2684 quod
1599 2628 1657 2672 de
1704 2627 1758 2671 iis
1789 2627 1856 2670 ni-

1103 2688 1167 2732 hil
1217 2689 1426 2739 docetur,
1475 2687 1733 2731 delendum.
1790 2698 1857 2730 ex

1102 2748 1140 2790 1.
1176 2747 1352 2792 lavas
1379 2746 1503 2790 lacte
1525 2744 1765 2802 perfundis
1786 2745 1855 2789 12.

1103 2831 1157 2838 ——
1201 2811 1259 2851 et
1300 2804 1672 2863 parentheticum
1715 2815 1856 2860 saepe
