2066 3276
721 237 818 281 Lib.
854 236 952 281 VII.
1004 235 1240 280 Politeles.
1644 237 1748 288 143

155 370 424 437 liquamen
465 369 718 438 optimum
760 373 812 421 et
852 369 956 421 olei
1007 368 1293 422 modicum.
1349 369 1528 439 reples
1587 384 1749 434 aqua-

156 445 312 496 licum
353 443 428 495 sic
468 449 523 494 ut
562 444 919 494 laxamentum
944 444 1153 508 habeat,
1196 461 1265 510 ne
1295 442 1523 495 dissiliat
1549 442 1602 493 in
1633 458 1749 494 coc-

155 522 287 569 tura.
329 518 531 569 surclas
571 517 755 568 ambas
798 521 849 568 et
886 516 940 567 in'
983 517 1141 568 ollam
1182 516 1490 569 bullientem
1518 518 1754 568 summit-

155 592 236 642 tis,
278 591 427 642 levas
469 595 520 642 01
563 590 757 659 pungis
799 606 900 642 acu
939 606 1006 641 ne
1052 595 1248 658 crepet.
1304 606 1422 642 cum
1477 589 1548 642 ad
1601 588 1750 640 dimi-

157 664 273 716 dias
316 668 524 716 coctum
565 662 741 728 fuerit,
797 663 947 715 lavas
991 667 1043 715 et
1095 663 1165 715 ad
1214 663 1412 714 fumum
1467 662 1751 733 suspendis

156 743 212 789 ut
264 737 540 790 coloretur.
605 741 656 788 et
710 735 885 788 denuo
942 753 1061 788 eum
1112 736 1438 805 perelixabis
1491 742 1547 788 ut
1596 737 1752 803 coqui

156 811 328 881 possit
387 809 581 862 deinde
641 809 947 876 liquamine,
1008 826 1170 876 merc,
1234 810 1352 862 oleo
1411 809 1638 863 modico,

269 884 391 936 290.
453 885 521 935 Ε1
561 883 774 935 01111οΙ10
816 883 1027 950 aperies
1084 888 1135 936 et
1187 900 1305 936 cum
1357 883 1645 950 liquamine
1701 888 1753 937 01

156 958 384 1083 ligis2ti9cf
426 956 668 1023 apponis.

466 1030 719 1083 Ventrem
772 1034 827 1081 ut
880 1034 1073 1082 tostum
1126 1029 1315 1097 facias,

1386 1030 1441 1083 in
1495 1032 1750 1085 cantabro

154 1105 383 1172 involve,
425 1108 615 1172 postea
654 1104 707 1156 in
748 1103 969 1156 muriam
1012 1103 1156 1157 mitte
1199 1109 1251 1157 01
1290 1104 1369 1157 sic
1413 1121 1600 1171 coque.

267 1179 389 1232 292.
462 1177 777 1231 Lumbuli
840 1176 923 1249 [01
975 1176 1200 1249 renes]
1269 1178 1421 1231 assi
1470 1179 1544 1232 ita
1595 1179 1753 1236 fiunt:

155 1339 272 1370 sam
321 1350 375 1356 —
423 1324 510 1369 ita
556 1329 617 1369 ut
664 1324 800 1369 codd.
848 1350 899 1355 -

155 1386 259 1442 liq.
310 1388 429 1440 opt.
481 1389 538 1428 et
586 1384 708 1429 olei
754 1384 899 1428 mod.

156 1444 330 1489 omittit
362 1443 435 1488 ed.
468 1457 535 1499 pr.
570 1443 790 1499 intellege
822 1456 902 1499 ga-

153 1517 253 1548 rum
315 1516 559 1554 sociorum,
622 1516 902 1558 primarmm,

156 1575 317 1607 cruore
346 1561 545 1606 admisto
564 1562 758 1618 nigrum,
789 1576 813 1606 0
831 1575 903 1605 so-

155 1623 210 1665 lis
244 1621 466 1666 scombris
499 1621 560 1664 ad
592 1620 714 1665 freta
745 1621 903 1665 hercu-

155 1682 228 1725 lea
260 1680 521 1724 confectum
554 1685 602 1723 et
620 1693 702 1735 per
720 1681 901 1736 equites

154 1752 369 1784 romanos
431 1739 657 1783 societate
719 1739 902 1783 iunctos

153 1799 349 1842 Romam
367 1798 568 1842 missum.
600 1798 759 1843 Galen.
781 1812 903 1842 com-

153 1870 252 1913 pos.
295 1857 462 1903 medic.
504 1858 546 1907 3,
593 1859 629 1899 1.
675 1857 827 1902 Strab.
861 1860 903 1908 3,

152 1917 195 1968 4,
229 1918 266 1959 6.
299 1916 360 1959 ad
401 1916 565 1959 Horat.
608 1930 739 1960 serm.
789 1918 830 1967 2,
863 1917 904 1967 8,

154 1976 227 2019 46.
262 1975 437 2031 Gargil.
473 1975 576 2018 Cur.
596 1976 749 2019 boum.
770 1990 813 2030 p.
834 1977 904 2019 22.

157 2060 199 2064 —-
284 2034 692 2089 aqualiculum
770 2034 903 2078 Hum.

154 2098 361 2137 ventrem
392 2094 523 2148 porci
554 2094 619 2137 sic
647 2093 738 2137 dici
766 2094 906 2138 docet

154 2152 314 2196 Isidor.
353 2153 421 2203 11,
456 2154 495 2195 1.
532 2153 629 2196 136.
675 2152 780 2196 0011.
813 2153 904 2197 Ve-

154 2216 248 2267 get.
303 2213 343 2261 2,
394 2212 463 2263 12,
517 2213 553 2254 1.
614 2211 901 2256 Wernsdorf.

154 2270 286 2314 Poet.
327 2271 429 2315 Lat.
474 2271 577 2314 min.
620 2271 677 2315 Il.
722 2284 764 2325 p.
800 2273 899 2314 237.

154 2342 271 2372 vers.
314 2329 385 2372 83.
427 2329 586 2374 Senec.
621 2343 690 2385 ep.
726 2330 796 2381 90,
830 2332 898 2373 22.

154 2388 305 2431 Edict.
341 2388 492 2432 Diocl.
525 2389 567 2439 4,
589 2390 655 2431 12.
678 2414 729 2418 —
750 2389 904 2431 laxa-

154 2451 403 2490 mentum
452 2448 749 2498 laxationem,
800 2460 904 2503 spa-

154 2506 268 2549 tium
302 2506 400 2549 248.
435 2512 561 2550 arcte
594 2519 650 2550 ne
669 2505 903 2558 farciatur,

155 2564 295 2608 docet
347 2578 534 2621 coquus.
587 2590 638 2594 ——
689 2566 902 2610 surdas

155 2624 243 2671 ζθκ.
289 2624 388 2666 268.
436 2650 489 2656 -
535 2624 730 2667 ambas
764 2625 901 2669 luras.

154 2683 353 2726 Turncb.
388 2682 590 2727 Advers.
628 2684 666 2734 7,
702 2684 768 2726 18.
815 2684 902 2727 Pa-

153 2742 220 2786 rei
253 2742 361 2786 Lex.
396 2744 495 2786 crit.
528 2756 572 2797 p.
598 2742 695 2785 698.
731 2743 901 2787 ventri-

155 2801 283 2844 culus
326 2801 443 2845 duos
481 2802 577 2844 scil.
624 2802 776 2845 exitus
823 2801 901 2845 ha-

154 2859 247 2905 bet.
292 2886 344 2891 —
386 2873 495 2917 qua
535 2860 727 2904 dimid.
765 2861 900 2905 codd.

993 1325 1021 1370 i.
1055 1338 1091 1370 e.
1128 1339 1267 1382 quum
1301 1326 1362 1370 ad
1396 1325 1438 1370 d.
1462 1325 1530 1371 sic
1567 1326 1774 1383 „quod“'

997 1384 1093 1427 124.
1128 1390 1198 1429 est
1221 1388 1429 1442 „quum“.
1462 1391 1751 1431 —coctus

994 1459 1027 1482 π
1066 1444 1123 1487 Η.
1174 1459 1287 1489 corr.
1334 1458 1419 1500 pro
1465 1444 1644 1491 levas.
1694 1469 1752 1477 —-

995 1503 1234 1548 coletur
1276 1520 1314 1559 γ.
1361 1504 1671 1549 coleretur
1719 1520 1752 1544 π

994 1566 1042 1605 01
1073 1566 1104 1613 β
1134 1576 1162 1606 a
1194 1576 1283 1608 sec.
1318 1576 1469 1614 manu,
1513 1564 1752 1608 coloret

996 1621 1028 1668 ζ.
1063 1622 1190 1676 quod
1232 1622 1406 1677 placet,
1447 1621 1503 1666 cf.
1543 1623 1644 1667 401.
1689 1623 1751 1667 ad

994 1680 1065 1723 25.
1115 1707 1167 1711 —
1216 1681 1600 1736 perelixabis
1648 1695 1750 1737 per-

994 1737 1116 1783 fecte
1161 1740 1355 1784 elixabis
1398 1754 1455 1785 ex
1496 1745 1527 1791 β
1569 1742 1639 1785 011.
1681 1755 1748 1797 pr.

994 1812 1079 1853 pro
1111 1800 1316 1853 perlix.
1351 1800 1424 1844 vel
1456 1800 1688 1856 perlax.
1718 1815 1751 1839 π

999 1858 1055 1901 Η.
1091 1858 1153 1901 ad
1186 1860 1287 1902 221.
1332 1859 1455 1903 idem
1488 1860 1584 1904 fere
1617 1855 1672 1903 fit
1702 1861 1749 1903 in

998 1922 1238 1961 omentato
1271 1918 1343 1961 40.

1086 1976 1146 2019 ad
1165 1978 1264 2020 290.
1299 1977 1392 2020 alia
1427 1977 1657 2033 coquendi
1677 1990 1751 2022 ra-

997 2035 1064 2078 tio
1115 2036 1324 2087 docetur,
1371 2049 1477 2080 nam
1530 2037 1749 2089 „cultello

996 2095 1201 2149 aperies“
1275 2095 1397 2139 idem
1462 2094 1558 2139 fere
1622 2096 1749 2151 quod

999 2166 1110 2206 „acu
1153 2157 1358 2210 punges“
1404 2159 1452 2198 et
1497 2156 1746 2210 „apponis“

994 2213 1055 2256 ad
1102 2214 1255 2268 ignem
1304 2214 1439 2268 ponis
1490 2214 1587 2256 187.
1647 2214 1749 2258 258.

992 2271 1092 2314 404.
1129 2274 1338 2328 quamvis
1372 2273 1511 2316 etiam
1542 2273 1603 2316 sit
1624 2273 1751 2328 quod

993 2330 1161 2375 inferes
1194 2332 1263 2374 41.
1302 2333 1402 2374 116.
1436 2332 1534 2374 216.
1562 2336 1609 2375 01
1629 2332 1748 2375 428?

998 2415 1050 2418 —
1070 2395 1125 2433 01
1147 2403 1266 2434 eum
1283 2388 1414 2441 βὸθκ.
1436 2416 1486 2422 -
1508 2391 1569 2433 ad
1590 2394 1744 2443 „cum“

996 2446 1054 2491 cf.
1090 2449 1158 2492 58.
1194 2450 1263 2492 59.
1298 2450 1366 2491 64.
1414 2451 1513 2492 216.
1551 2451 1653 2493 293.
1687 2450 1745 2493 al.
1825 2487 1827 2489 ,

1083 2508 1145 2551 ad
1178 2509 1277 2551 291.
1339 2508 1461 2552 1110111
1504 2508 1562 2552 110
1608 2509 1750 2553 vulva

995 2566 1190 2610 docetur
1222 2567 1321 2610 260.
1347 2572 1572 2611 tostum
1598 2573 1646 2613 01
1669 2581 1748 2612 ro—

993 2631 1143 2669 stum
1176 2626 1311 2670 codd.
1342 2627 1464 2670 —in
1497 2627 1747 2671 caccabo

992 2697 1089 2740 par.
1128 2709 1181 2715 m

1081 2744 1142 2787 ad
1190 2745 1291 2788 292.
1369 2750 1417 2788 et
1477 2757 1648 2789 renes
1699 2749 1749 2789 ut

992 2802 1227 2859 glossema
1269 2817 1370 2847 cum
1403 2807 1433 2854 β
1465 2804 1592 2855 01001,
1634 2802 1748 2847 nihil

992 2862 1120 2905 aliud
1161 2867 1268 2906 sunt
1313 2875 1448 2918 quam
1490 2862 1747 2907 lumbuli
