2066 3276
666 244 763 291 Lib.
789 245 891 295 VII.
939 243 1176 290 Politeles.
1646 247 1749 300 153

163 380 338 435 dicum
381 386 447 448 et,
486 381 530 435 si
556 382 752 451 placet,
782 381 1047 434 modicum
1075 381 1357 448 liquamen.
1389 381 1544 452 piper
1563 397 1747 451 aspar-

161 457 243 523 gis
285 461 337 509 et
374 456 587 511 inferes,

272 531 395 583 310.
456 530 649 584 Aliter:
692 531 879 583 bulbos
922 528 1091 581 elixas
1119 529 1173 581 in
1201 529 1486 597 pultarium
1512 545 1748 598 preSSOS‚

161 604 321 657 mittis
382 605 580 671 timum,
649 605 942 672 origanum,
996 603 1116 669 mel,
1172 609 1397 670 acetum,
1453 603 1748 670 defrictum,

162 677 432 745 cariotum,
474 679 744 745 liquamen
775 684 827 732 et
855 679 1027 731 oleum
1055 677 1339 731 modicum.
1382 678 1538 747 piper
1565 695 1748 747 aspar-

159 752 241 819 gis
283 758 334 806 et
371 752 584 807 inferes

270 827 392 879 311.
457 826 640 899 [Varro
669 826 931 894 siquidem
959 825 1026 879 de
1058 826 1230 880 bulbis
1260 826 1393 878 dixit
1436 827 1525 896 „in
1552 843 1747 892 aquam

160 899 245 966 qui
286 901 508 954 Veneris
563 902 723 953 otium
777 900 1090 968 quaerunt“‚
1142 900 1343 954 deinde
1395 908 1451 952 ut
1500 901 1751 969 legitimis

157 974 354 1043 nuptiis
393 975 447 1027 in
488 992 624 1028 cena
663 980 946 1043 ponuntur,
1001 973 1099 1027 sed
1152 979 1205 1028 et
1258 991 1377 1028 cum
1430 975 1633 1029 nucleis
1672 975 1750 1046 pi-

157 1048 271 1101 neis
310 1053 401 1101 aut
441 1066 558 1102 cum
600 1066 792 1102 erucae
833 1066 963 1103 sucu
1004 1053 1056 1102 et
1094 1048 1318 1121 pipere]

270 1123 393 1175 312.
456 1123 652 1177 Aliter:
698 1124 888 1177 bulbos
928 1122 1111 1177 frictos
1153 1140 1427 1191 oenogaro
1467 1122 1680 1177 inferes

158 1302 225 1343 pr.
260 1286 382 1332 unde
413 1288 547 1331 Hum.
569 1291 752 1343 atque
785 1286 910 1337 fecit,

158 1361 272 1391 corr.
319 1360 513 1403 aequo
557 1360 613 1390 ex
655 1360 806 1403 aequo
839 1346 910 1390 54.

160 1433 212 1439 —-
263 1421 306 1450 m
323 1407 375 1450 el
424 1407 604 1451 terendi
644 1407 809 1463 gratia.

253 1495 314 1539 ad
346 1496 450 1539 310.
514 1499 642 1539 totus

158 1555 295 1599 deest
326 1555 372 1598 in
404 1554 591 1599 mediol.
638 1559 684 1598 et
717 1555 787 1598 ed.
822 1554 912 1609 pri-

155 1627 230 1657 ma
261 1627 423 1658 manca
440 1619 523 1658 est.
560 1614 754 1658 elixos
773 1613 907 1658 codd.

157 1679 206 1718 ct
248 1674 579 1729 liquamine
613 1673 681 1717 ol.
718 1679 772 1705 '—
818 1686 911 1717 ca-

156 1733 380 1777 riotum
426 1746 539 1777 corr.
582 1746 668 1788 pro
703 1746 910 1777 careo-

156 1798 272 1836 tam
306 1796 353 1837 et
387 1797 689 1837 caroetam
722 1792 793 1837 34.

690 1495 912 1539 articulus

246 1880 306 1924 ad
338 1881 438 1924 311.
486 1881 562 1925 vel
596 1881 726 1925 locus
758 1881 910 1937 paral-

156 1940 273 1984 lelus
316 1945 388 1984 est
432 1953 460 1983 a
501 1941 689 1984 literato
724 1941 909 1985 homine

157 1999 217 2043 ad
264 1999 516 2055 marginem
573 2000 787 2055 appictus
834 2001 908 2045 vel

157 2063 209 2102 ut
232 2058 457 2114 reliquum
481 2059 744 2104 habendum
769 2059 909 2115 Apici

158 2118 267 2161 olim
316 2119 507 2174 integri,
566 2118 706 2163 hodie
759 2119 908 2166 libati.

155 2177 276 2220 idem
318 2177 445 2221 valet
489 2178 547 2222 de
580 2178 648 2221 64.
693 2179 742 2222 si
785 2180 909 2234 qui-

157 2237 275 2280 dem
316 2234 405 2280 feci
450 2250 507 2281 ex
550 2237 595 2280 si
640 2238 804 2293 quid.
856 2263 907 2268 ——

158 2295 284 2338 dixi
326 2299 461 2346 βθκπ.
497 2322 550 2326 ——
589 2296 721 2340 Hum.
767 2296 911 2341 refert

157 2368 241 2410 pro
286 2354 342 2396 in
386 2367 596 2410 aquam
631 2356 813 2411 aliquos
846 2356 909 2400 10-

156 2427 265 2469 gere
363 2414 647 2469 iniquum.
743 2415 908 2470 supple

160 2473 414 2525 „mittere“.
458 2498 511 2503 —
560 2487 644 2528 pro
690 2475 907 2518 ostium

156 2536 197 2581 β.
233 2530 263 2573 11
279 2544 306 2574 o
322 2544 343 2574 5
357 2531 504 2574 1111111
524 2538 781 2576 ceterorum
801 2534 908 2577 scri-

157 2590 229 2646 psi
263 2590 372 2634 011111
404 2590 674 2634 hosti-um
717 2596 907 2643 ostrum,

156 2654 376 2700 ostreum,
392 2649 611 2694 concham
623 2651 777 2694 Plauti
786 2652 905 2695 Rud.

160 2708 257 2752 704.
300 2708 421 2752 unde
464 2709 687 2753 Italorum
721 2711 906 2761 ostrica,

155 2768 431 2811 nostratium
457 2767 700 2819 schnecke,
732 2769 907 2824 puden-

156 2826 263 2870 dum
286 2827 522 2871 muliebre.
565 2840 685 2871 nunc
707 2841 734 2871 o
749 2828 905 2873 tium.

157 2910 206 2915 »κ
244 2885 297 2929 111
329 2885 439 2943 leg.
472 2890 514 2938 β.
559 2886 728 2931 bulbos
770 2901 905 2932 vene-

1001 1301 1095 1331 rem
1114 1286 1351 1330 stimulare
1364 1286 1637 1342 salacesque
1651 1299 1752 1332 esse

1000 1347 1133 1390 multi
1167 1347 1468 1398 dixeruntxut
1500 1345 1673 1391 Athen.
1710 1348 1752 1398 2,

1002 1406 1073 1458 64,
1107 1406 1175 1450 65.
1210 1405 1341 1450 Mart.
1377 1407 1418 1457 3,
1439 1407 1508 1458 75,
1526 1407 1566 1450 3.
1589 1407 1658 1457 13,
1676 1406 1750 1450 34.

1002 1471 1050 1511 et
1082 1478 1264 1511 erucam
1296 1466 1342 1509 in
1359 1480 1572 1510 venerem
1590 1478 1753 1511 accen-

1003 1525 1112 1570 dere
1142 1526 1211 1576 10,
1230 1525 1302 1576 48,
1323 1526 1392 1570 10.
1426 1526 1541 1569 Plin.
1563 1527 1632 1576 19,
1652 1525 1750 1569 154.

1004 1585 1107 1629 0011.
1158 1585 1229 1635 20,
1280 1586 1349 1628 19.
1401 1586 1498 1628 126.
1551 1586 1659 1630 Lus,
1706 1585 1752 1628 in

1002 1645 1154 1700 Priap.
1199 1644 1272 1694 51,
1305 1645 1374 1688 20.
1408 1644 1480 1695 46,
1524 1645 1563 1687 8.
1598 1645 1671 1697 47,
1710 1645 1749 1687 6.

1001 1703 1177 1760 Vergil.
1211 1709 1374 1748 moret.
1408 1703 1478 1748 85.
1519 1704 1675 1749 Diosc.
1710 1704 1751 1754 2,

1004 1764 1100 1807 169.
1133 1777 1291 1807 sucum
1310 1777 1410 1808 esse
1429 1763 1753 1820 explicandum

1003 1835 1184 1867 erucam
1230 1823 1470 1868 decoctam
1517 1828 1650 1879 patet
1697 1836 1753 1867 ex

1000 1882 1201 1926 Marcell.
1235 1883 1366 1938 Emp.
1391 1884 1461 1927 33.
1500 1883 1587 1937 „ad
1609 1882 1753 1927 abun-

1002 1942 1207 1986 dantiam
1250 1943 1435 1987 seminis
1473 1955 1753 1999 praeparan-

1001 2002 1107 2044 dam
1158 2015 1391 2045 erucam
1440 2002 1751 2046 decoctam

1001 2061 1147 2111 bibat,
1182 2062 1365 2117 quoties
1384 2062 1577 2118 quisque
1594 2062 1754 2117 inopia

1000 2121 1186 2164 seminis
1229 2134 1278 2165 se
1318 2121 1533 2165 laborare
1565 2134 1751 2176 perspe-

1000 2180 1120 2223 xerit
1161 2180 1236 2224 vel
1278 2181 1435 2235 potius
1468 2181 1654 2224 assidue
1686 2181 1751 2224 in-

1002 2244 1183 2282 coctam
1203 2240 1477 2283 manducet“
1514 2241 1592 2296 qui
1609 2239 1751 2296 paulo

1001 2302 1111 2353 post
1153 2298 1201 2341 id
1243 2299 1629 2343 medicamentum
1674 2299 1751 2341 ha-

1000 2357 1084 2401 bet
1175 2370 1423 2407 „erucae
1506 2358 1752 2402 seminis

999 2429 1150 2470 scrup.
1170 2417 1247 2459 III.
1274 2416 1303 2460 b
1318 2417 1442 2461 ulbi
1463 2416 1577 2461 rufi
1600 2430 1750 2472 scrup.

998 2475 1079 2518 ΠΙ.
1138 2475 1341 2520 nuclei
1393 2476 1552 2531 pinei
1599 2489 1749 2530 scrup.

994 2531 1078 2577 VI.
1124 2535 1280 2590 spicae
1323 2534 1457 2578 nardi
1489 2549 1637 2591 scrup.
1671 2535 1750 2578 III.

1495 2600 1582 2639 cet.
1660 2607 1751 2638 su-

1001 2665 1138 2704 cum,
1170 2653 1312 2703 suci,
1346 2665 1491 2696 suco
1526 2653 1661 2697 codd.
1688 2652 1750 2696 ad

999 2709 1193 2755 formam
1230 2714 1394 2765 „sucu“
1451 2711 1509 2755 cf.
1541 2711 1749 2756 Hildebr.

998 2770 1059 2812 ad
1091 2769 1232 2826 Apul.
1270 2772 1293 2814 1
1328 2785 1370 2826 p.
1407 2771 1508 2815 837.
1541 2771 1584 2815 b.

1086 2830 1147 2873 ad
1179 2830 1280 2873 312.
1320 2842 1620 2886 oenogaro
1648 2843 1750 2885 per-

997 2886 1125 2933 fusos
1159 2890 1259 2933 299.
1294 2889 1392 2932 112.

999 2597 1122 2636 teres
1205 2594 1412 2648 singula“
