2066 3276
633 235 732 280 Lib.
764 234 865 278 VII.
927 233 1162 278 Politeles.
1677 234 1782 287 145

302 368 424 421 295.
492 369 907 421 Petasonem
960 384 1038 420 ex
1091 364 1407 419 musteis:
1462 369 1778 433 petasonem

191 441 358 495 elixas
400 457 517 494 cum
559 442 730 495 bilibri
771 441 881 493 orei
922 445 974 493 et
1014 441 1206 493 caricis
1246 439 1416 492 XXV.
1462 455 1579 492 cum
1615 439 1779 492 elixa-

187 520 270 567 tus
310 515 481 582 fuerit,
525 515 786 568 decarnas
829 519 881 567 et
919 514 1181 566 armillam
1208 513 1365 579 illius,
1409 512 1660 566 candenti
1688 530 1779 565 va-

188 589 300 641 tillo
341 589 447 641 uris
489 594 540 641 et
578 590 735 642 melle
777 588 1055 654 contingis.
1120 586 1259 654 quod
1301 586 1506 653 meliuS‚
1543 585 1777 653 missum,

188 662 241 714 in
279 662 487 714 furnum
526 663 684 716 melle
726 662 945 715 oblinas.
990 678 1108 714 cum
1151 660 1485 727 coloraverit,
1526 660 1687 712 mittis
1727 660 1781 712 in

190 738 477 789 caccabum
517 752 750 804 passum,
793 736 962 804 piper,
1003 734 1318 787 fasciculum
1356 738 1524 800 rutae,
1560 751 1779 801 merum,

188 814 472 878 temperas,
517 827 635 863 cum
675 809 833 862 fuerit
870 812 1241 879 temperatum,
1285 806 1559 859 dimidium
1592 808 1647 860 in
1687 824 1780 876 pe-

188 888 431 936 tasonem
469 882 744 951 perfundis
795 887 846 936 et
898 882 1004 934 alia
1057 886 1208 950 parte
1259 881 1490 948 piperati
1544 882 1781 935 bucellas

188 962 507 1010 musteorum
546 961 734 1026 pactas
774 955 1069 1024 perfundis.
1114 972 1232 1008 cum
1272 955 1586 1023 sorbuerint,
1638 954 1781 1023 quod

188 1031 376 1083 mustei
414 1030 778 1084 recusaverint
816 1030 1059 1101 petasoni
1099 1027 1353 1082 refundis,

187 1162 369 1207 illata
416 1176 532 1208 cum
570 1162 620 1221 1),
679 1175 935 1207 caroeno

188 1223 280 1267 vel
340 1222 500 1267 cond.
564 1222 773 1267 melius
834 1236 937 1266 mu-

189 1282 369 1326 steis.
429 1283 810 1327 Petasonem.
871 1295 938 1326 ex

189 1341 440 1385 musteis
482 1346 594 1397 pet.
629 1341 684 1385 el.
727 1366 780 1371 -—
824 1354 935 1385 me-

190 1401 308 1445 lius
348 1401 431 1445 erit
473 1402 573 1445 236.
625 1399 788 1444 feceris
834 1400 935 1444 305.

191 1485 243 1489 —-
279 1473 422 1504 sucu
442 1460 578 1505 melle
604 1460 700 1503 189.
727 1460 824 1503 252.
848 1473 937 1503 non

190 1520 337 1562 minor
369 1532 479 1563 crux
521 1525 592 1563 est
625 1532 829 1574 compos.
874 1532 940 1563 se-

190 1592 351 1634 quens.

278 1637 340 1680 ad
382 1638 480 1681 295.
526 1640 704 1681 mustea
735 1636 831 1679 scil.
860 1649 939 1691 po-

190 1709 264 1739 ma
281 1709 314 1740 s.
334 1696 456 1739 mala
472 1701 578 1740 sunt
602 1708 770 1751 sapore
799 1695 938 1739 musti

190 1756 380 1811 eiusque
394 1768 504 1799 suco
518 1755 669 1809 plena,
694 1754 936 1810 musapfel,

189 1813 421 1869 siissapfel
443 1827 499 1858 ex
522 1815 668 1869 iisque
702 1813 936 1869 quoddam

191 1872 422 1918 defrutum
470 1873 820 1928 decoquebatur
867 1874 939 1918 cui

190 1932 325 1976 melle
367 1932 590 1988 adsperso
632 1945 799 1976 nomen
838 1936 940 1976 erat

191 1992 424 2043 melitites,
486 1992 616 2047 isque
678 2004 814 2035 sucus
864 1991 937 2035 vel

191 2050 281 2095 mel
298 2051 521 2095 malorum
554 2055 836 2094 musteorum
864 2051 943 2094 ad-

191 2109 439 2154 hibebatur
514 2110 805 2165 potissimum
882 2109 944 2153 ad

192 2168 423 2224 quandam
456 2169 632 2223 pultem
677 2182 758 2212 seu
800 2168 942 2212 libum

192 2241 217 2271 e
249 2226 398 2271 farina
440 2228 638 2283 silignca
679 2233 725 2271 et
759 2227 943 2272 diceba-

192 2291 268 2330 tur
308 2286 580 2339 μουστάκιον,
622 2286 943 2338 mostkuchen,

193 2345 254 2389 ad
289 2346 387 2388 189.
422 2346 684 2402 malumque
716 2346 866 2401 ipsum
899 2346 946 2388 in

192 2408 350 2459 partes
398 2404 595 2448 divisum
656 2409 704 2448 et
749 2405 795 2447 in
843 2404 946 2448 sole

193 2464 415 2506 siccatum
484 2477 568 2519 pro
639 2462 946 2518 pulmentario

195 2526 310 2573 erat,
354 2522 528 2566 Colum.
566 2523 635 2573 12,
677 2521 745 2564 14.
789 2535 948 2566 recens

196 2582 335 2626 etiam
353 2579 529 2625 farinae
558 2581 779 2625 subactae
798 2594 951 2625 massa

197 2640 527 2684 circumdatum
560 2641 605 2683 in
629 2639 855 2697 furnoque
880 2654 950 2684 as-

196 2705 362 2750 satum,
411 2700 559 2743 nostri
618 2699 751 2754 panis
807 2701 953 2744 instar

197 2760 270 2803 cui
311 2772 476 2803 nomen
520 2758 757 2809 birnbrod,
801 2758 952 2814 krapf,

196 2818 258 2861 ad
303 2818 433 2862 varia
486 2817 695 2862 adhiberi
752 2824 951 2874 poterat.

197 2877 259 2921 ad
298 2890 441 2932 panes
485 2882 691 2922 musteos
735 2876 792 2922 cf.
836 2878 952 2921 Plin.

244 2951 282 2983 C.
308 2952 460 2992 Apicius
487 2954 544 2983 ed.
570 2952 726 2984 Schuch.

1030 1162 1100 1213 18,
1143 1161 1240 1205 101.
1284 1160 1463 1205 Pallad.
1508 1161 1578 1212 11,
1612 1162 1682 1204 21.
1726 1187 1780 1193 -—

1027 1220 1248 1266 bilibre
1290 1224 1334 1272 β.
1381 1219 1602 1265 bilibra
1645 1236 1690 1265 π.
1727 1246 1779 1251 —

1030 1280 1154 1324 orei
1202 1293 1236 1323 s.
1287 1280 1428 1331 oraei‚
1476 1279 1637 1325 horaei
1696 1293 1780 1336 pro

1029 1339 1196 1383 ordei
1230 1352 1343 1383 corr.
1378 1353 1434 1384 ex
1465 1340 1580 1383 Plin.
1619 1341 1687 1391 11,
1709 1340 1779 1383 36.

1028 1398 1107 1442 ubi
1179 1398 1328 1442 mellis
1399 1399 1566 1443 aestivi
1634 1412 1782 1455 genus

1031 1458 1203 1513 ὡραῖον,
1235 1457 1440 1502 horaeon
1479 1459 1524 1501 in
1566 1459 1666 1502 cod.
1711 1472 1779 1503 re-

1031 1517 1204 1572 scripto
1239 1517 1419 1568 dicitur,
1453 1530 1608 1562 mense
1649 1518 1781 1561 Iunio

1033 1574 1307 1628 confectum,
1351 1576 1528 1619 Pallad.
1574 1577 1613 1628 7,
1658 1578 1697 1628 7,
1740 1578 1783 1621 3.

1033 1641 1212 1679 aestate
1246 1640 1366 1686 acta,
1399 1635 1528 1679 Varr.
1560 1637 1602 1687 3,
1624 1636 1692 1687 16,
1710 1636 1780 1680 34.

1030 1694 1085 1739 cf.
1135 1694 1423 1750 Magerstedt
1464 1694 1781 1740 Bienenzucht

1028 1769 1072 1810 p.
1120 1754 1192 1797 82.
1242 1779 1295 1785 —-
1355 1765 1412 1796 an
1462 1753 1781 1798 decorias?

1030 1813 1102 1857 vel
1137 1813 1433 1857 decarnas
1477 1818 1524 1857 et
1558 1813 1783 1857 carnil-

1029 1873 1140 1916 lam
1174 1872 1481 1916 carunculam.
1521 1873 1621 1916 339.
1655 1873 1786 1917 iubet

1028 1945 1112 1987 per
1169 1931 1412 1974 artIculum
1471 1944 1645 1987 pernae
1703 1944 1785 1987 pa-

1030 1992 1123 2034 lum
1171 1991 1355 2034 mittere
1413 1991 1481 2034 ita
1531 1995 1582 2034 ut
1631 1996 1783 2035 cutem

1035 2063 1063 2093 a
1107 2061 1242 2093 carne
1284 2062 1488 2104 separes,
1526 2062 1600 2092 am
1633 2049 1785 2094 hueft-

1034 2108 1248 2152 knochen
1281 2108 1433 2152 hinab.
1461 2134 1509 2138 —
1538 2114 1700 2153 nostro
1719 2110 1787 2153 lo-

1036 2181 1090 2211 co
1122 2167 1486 2223 intellegendum
1520 2181 1572 2212 os
1590 2168 1787 2220 humeri,

1034 2231 1200 2283 petaso
1234 2227 1331 2270 scil.
1368 2240 1424 2271 ex
1453 2227 1647 2271 artubus
1665 2228 1787 2283 prio-

1035 2286 1161 2329 ribus
1194 2286 1404 2329 sumitur.
1426 2310 1479 2317 —-
1509 2287 1788 2330 vatillum

1036 2349 1088 2388 ut
1131 2345 1231 2388 406.
1274 2345 1387 2388 alibi
1425 2346 1613 2400 saepius
1650 2345 1788 2389 batil-

1039 2404 1147 2454 lum,
1192 2403 1312 2447 unde
1352 2402 1531 2459 hispan.
1576 2404 1704 2448 badil
1743 2410 1791 2449 et

1039 2461 1213 2513 badila,
1262 2463 1357 2506 ital.
1403 2463 1575 2514 badile,
1622 2477 1791 2508 nomen

1041 2535 1141 2565 oum
1178 2520 1433 2574 ,,βατάνιον“
1469 2521 1679 2575 ξιπατὰνη
1710 2535 1791 2578 pa-

1042 2582 1140 2624 tina
1158 2581 1431 2633 derivatum,
1465 2582 1701 2637 explicant
1724 2581 1793 2626 fo-

1044 2640 1193 2684 culum
1212 2640 1486 2684 mensarium
1515 2640 1604 2685 hoc
1620 2646 1694 2685 est
1710 2655 1793 2685 vas

1044 2699 1159 2743 illud
1208 2700 1334 2755 quod
1380 2700 1427 2743 in
1474 2701 1642 2744 mensis
1692 2714 1792 2745 cum

1044 2759 1201 2814 prunis
1235 2758 1442 2803 lancibus
1475 2759 1664 2803 escariis
1688 2760 1793 2805 sub-

1045 2818 1102 2861 ici
1134 2818 1269 2870 solet,
1302 2822 1545 2873 autepsam
1585 2823 1792 2863 veterum

1047 2878 1232 2932 quidam
1276 2890 1377 2921 esse
1409 2882 1664 2929 autumant,
1711 2891 1794 2923 vas

1532 2952 1588 2995 10
