2066 3276
292 219 362 274 92
812 221 913 268 Lib.
948 222 1025 269 IV.
1070 222 1344 272 pandectes

293 354 430 410 ciola
484 355 700 424 minuta,
755 356 1026 411 testiculos
1081 375 1360 427 caponum,
1423 358 1705 425 glandulas
1758 375 1875 428 por-

292 430 530 483 eellinas.
587 430 722 484 11366
773 431 948 484 omnia
982 431 1036 484 in
1075 449 1134 486 se
1176 436 1481 498 coquantur.
1528 438 1667 486 teres
1707 434 1875 502 piper,

288 503 592 572 ligisticum,
648 505 983 559 coriandrum
1022 506 1192 559 viride
1231 507 1318 559 vel
1358 523 1559 572 semen,
1603 507 1876 560 suffundes

287 577 574 645 liquamen,
629 579 833 632 adicies
884 580 1056 632 mellis
1109 580 1378 633 modicum
1428 585 1479 633 et
1529 580 1611 632 ius
1664 581 1731 633 de
1780 597 1876 633 suo

287 651 404 718 sibi,
454 653 580 705 vino
636 658 687 706 et
743 654 899 706 mello
952 654 1291 722 temperabis
1346 653 1514 707 facies
1560 659 1616 706 ut
1654 654 1874 707 ferveat.

289 742 406 778 cum
455 726 724 794 fervuerit,
779 732 1002 780 tractam
1045 728 1366 795 confringeS,
1424 728 1647 796 obligas.
1697 729 1877 797 coagi-

287 803 386 852 taS.
429 800 583 868 piper
621 802 868 869 aspargis
912 806 964 853 et
1000 801 1215 855 inferes

405 875 524 928 174.
567 875 862 928 Minutal
900 876 1302 928 matianum:
1355 875 1557 928 adicies
1597 876 1650 927 in
1691 892 1875 929 63663-

290 948 414 1000 bum
468 949 658 1016 oleum,
714 949 998 1017 liquamen,
1060 954 1277 1003 coctura
1335 949 1586 1002 concides
1644 966 1874 1017 porrum,

290 1022 642 1090 coriandrum,
684 1023 837 1077 isicia
876 1023 1091 1091 minuta,
1134 1023 1400 1092 spatulam
1442 1024 1715 1094 porcinam
1758 1040 1875 1077 coc-

286 1100 395 1148 tam
435 1098 748 1151 tessellatim
790 1097 1041 1151 concides
1082 1115 1200 1152 cum
1240 1114 1336 1151 sua
1375 1097 1477 1151 sibi
1517 1098 1743 1164 tergilla.
1798 1097 1875 1151 fa-

289 1170 398 1223 cies
439 1176 495 1223 ut
534 1172 688 1224 simul
742 1177 1051 1240 coquantur.
1103 1172 1282 1225 media
1332 1177 1546 1225 coctura
1587 1172 1728 1224 mala
1767 1189 1874 1224 ma-

285 1243 436 1298 tiana
475 1251 704 1315 purgata
754 1246 1085 1312 intrinschS,
1138 1246 1352 1299 concisa
1399 1245 1710 1298 tessellatim
1762 1245 1875 1297 mit-

285 1323 383 1372 166.
442 1319 566 1371 dum
602 1319 857 1386 coquitur,
911 1325 1052 1373 teres
1105 1320 1275 1389 piper,
1338 1320 1602 1385 ciminum,
1672 1319 1874 1371 corian-

290 1391 442 1444 drum
494 1393 663 1446 viride
716 1394 804 1446 vel
842 1410 1041 1459 semen,
1096 1399 1345 1460 mentam,
1397 1393 1584 1446 lasaris
1623 1393 1873 1459 radicem,

286 1466 560 1520 suffundes
600 1473 826 1532 acetum,
868 1468 989 1534 mel,
1031 1467 1319 1534 liquamen,
1362 1467 1643 1520 defrictum
1667 1466 1876 1521 modice

287 1545 340 1592 et
377 1540 458 1593 ius
499 1541 568 1594 de
609 1558 704 1594 suo
746 1541 862 1607 sibi,
917 1546 1107 1595 acoeto
1148 1541 1361 1594 modico
1402 1541 1742 1612 temperabis.
1798 1540 1875 1593 fa-

288 1614 398 1667 cies
451 1619 507 1666 ut
559 1615 782 1668 ferveat.
827 1632 945 1668 cum
984 1615 1251 1682 fervuerit,
1305 1620 1528 1668 tract-am
1571 1614 1876 1683 confringes

292 1692 344 1742 et
383 1705 451 1741 ex
492 1706 557 1742 ea
599 1689 823 1756 obligas,
867 1689 1021 1758 piper
1061 1688 1306 1760 aspargis
1349 1693 1400 1742 et
1437 1688 1650 1750 inferes

288 1821 381 1852 non
419 1808 626 1858 exemtis,
663 1807 772 1861 „sed
794 1807 916 1852 ferro
936 1821 1039 1852 6311-

287 1867 426 1912 dente
461 1866 721 1911 calcaribus
739 1868 902 1911 inustis
922 1881 1040 1923 quae

286 1940 387 1970 cum
420 1928 560 1982 ignea
592 1928 638 1970 vi
658 1932 900 1971 consumta
918 1932 1038 1978 sunt,

284 1985 411 2030 facta
443 1986 601 2030 ulcera
644 1986 751 2030 dum
796 1992 1039 2031 consanes-

286 2050 406 2098 cant,
439 2043 625 2101 figulari
655 2050 782 2089 creta
806 2046 1036 2089 linuntur“

285 2117 404 2161 quae
437 2109 544 2149 sunt
576 2105 721 2149 verba
753 2104 1038 2149 Columellae

284 2164 326 2215 8,
359 2162 401 2214 2ζ
434 2165 472 2207 3.
510 2177 567 2207 ex
598 2163 731 2207 Varr.
765 2164 806 2214 3,
833 2165 875 2214 9,
899 2165 938 2207 3.
975 2163 1030 2208 cf.

284 2227 334 2266 et
364 2223 478 2266 Plin.
498 2223 539 2273 8,
560 2223 627 2266 77.
665 2223 735 2273 10,
754 2223 823 2266 50.
858 2222 1033 2266 Athen.

283 2280 1034 2333 333.(13161113331111161113,

285 2341 322 2383 7.
358 2341 427 2383 21
471 2340 738 2384 Beckmann
770 2337 943 2384 Erfind.
978 2341 1033 2384 V.

281 2413 324 2454 p.
358 2399 502 2442 472-
509 2400 609 2443 478.
666 2412 796 2443 111636
839 2399 1033 2455 Antiqq.

281 2472 325 2513 p.
361 2459 460 2501 601.
509 2463 605 2502 not.
641 2471 670 2501 a
701 2458 893 2502 medicis
929 2471 1034 2514 pas-

280 2517 365 2560 sim
388 2517 783 2567 commendantur
801 2517 1033 2561 Theodor.

280 2576 424 2619 Prisc
470 2577 511 2627 2,
544 2577 585 2621 8
627 2574 707 2619 fol.
741 2576 848 2620 303.
882 2576 924 2620 b.
961 2577 1034 2621 ed.

280 2634 392 2678 Ald.
427 2609 590 2678 Me’dic.
622 2649 691 2690 gr.
726 2635 796 2678 ed.
822 2635 973 2679 Ideler
990 2636 1033 2678 II

316 2693 463 2745 .257,
497 2694 568 2738 20.
603 2694 704 2745 278,
739 2694 776 2736 7.

370 2752 431 2795 ad
467 2752 563 2795 174.
616 2765 782 2797 nomen
823 2752 966 2796 habet
1004 2765 1032 2796 a

282 2811 415 2854 malis
472 2812 704 2863 matianis,
763 2824 881 2868 quae
928 2812 1032 2866 ipsa

280 2882 372 2916 non
413 2882 440 2913 a
481 2870 585 2915 loco
631 2871 757 2917 dicta
800 2871 1029 2922 videntur,

1130 1808 1251 1852 unde
1283 1808 1409 1862 prius
1442 1808 1654 1858 advecta,
1700 1805 1874 1850 Athen.

1130 1868 1172 1919 3,
1217 1868 1285 1910 23.
1330 1867 1493 1910 Isidor.
1530 1867 1598 1917 17,
1635 1866 1673 1917 7,
1706 1867 1748 1910 3.
1792 1866 1876 1910 sed.

1130 1938 1158 1969 3
1198 1926 1244 1970 Ο.
1287 1926 1429 1969 Matio
1463 1924 1672 1981 Augusti
1712 1925 1875 1977 amico,

1129 1985 1246 2028 Plin.
1285 1986 1352 2036 15,
1377 1985 1446 2028 49.
1482 1985 1561 2028 Ian
1591 1985 1651 2027 ad
1672 1984 1875 2029 Macrob.

1131 2050 1217 2088 sat.
1251 2046 1293 2095 3,
1331 2045 1399 2095 19,
1433 2045 1469 2086 2.
1491 2057 1534 2099 p.
1554 2044 1653 2087 349.
1675 2069 1727 2075 —-
1752 2057 1813 2099 sp
1828 2056 1875 2086 3-

1131 2104 1317 2147 tulam
1361 2117 1413 2158 p.
1456 2108 1508 2146 ut
1553 2104 1636 2146 175
1686 2107 1734 2147 et
1777 2102 1875 2145 176.

1130 2164 1230 2206 177.
1264 2168 1312 2206 et
1343 2175 1416 2217 ap.
1450 2162 1636 2216 Turpin.
1672 2162 1753 2205 vit.
1792 2161 1875 2205 Ca-

1126 2221 1215 2265 roli
1246 2222 1302 2264 M.
1324 2221 1393 2264 20.
1429 2220 1656 2272 σπατάλην,
1690 2219 1875 2272 σπάθην,

1126 2280 1297 2336 palam,
1330 2278 1671 2324 schulterblatt.
1706 2278 1875 2323 cf.Du-

1127 2339 1277 2383 fresne
1310 2338 1386 2382 VI.
1436 2353 1479 2394 p.
1528 2339 1629 2389 318,
1677 2351 1705 2381 3
1746 2338 1873 2382 Diez.

1127 2399 1213 2442 lex.
1234 2398 1274 2442 d.
1296 2412 1406 2441 rom.
1427 2411 1517 2452 spr.
1537 2412 1579 2452 p.
1600 2398 1698 2440 326.
1735 2410 1876 2452 quare

1126 2471 1218 2501 non
1251 2462 1322 2500 est
1355 2456 1480 2512 quod
1505 2470 1605 2500 eum
1637 2457 1744 2499 Lex.
1764 2455 1875 2499 For-

1128 2517 1228 2560 6611.
1285 2516 1569 2571 corrigamus
1627 2528 1649 2558 s
1661 2529 1690 2570 p
1705 2528 1732 2558 a
1746 2514 1844 2558 thu
1858 2541 1874 2547 -

1127 2589 1266 2619 nam.
1313 2599 1367 2604 —
1411 2574 1780 2618 tessellatim
1828 2578 1875 2617 et

1100 2633 1361 2678 ‘cesselL
1396 2639 1443 2677 et
1476 2637 1616 2677 cest.
1658 2633 1792 2677 codd.
1828 2637 1876 2677 et

1125 2694 1226 2737 175.
1263 2693 1569 2736 176.177.-
1603 2694 1876 2735 maziana

1125 2752 1261 2796 codd.
1295 2751 1595 2794 mattiana
1637 2751 1682 2793 in
1719 2750 1870 2793 Edict.

1121 2811 1271 2855 Dioel.
1308 2810 1349 2861 6,
1382 2810 1451 2853 65.
1485 2809 1677 2863 Hispani
1695 2813 1742 2852 et
1762 2809 1875 2853 Por-

1122 2871 1391 2926 tugalenses
1469 2867 1620 2912 adhuc
1705 2872 1874 2912 vocant
