2066 3276
318 260 420 314 178

865 261 965 306 Lib.
989 260 1111 305 VIII.
1154 261 1398 318 Tetrapus.

424 392 549 445 386.
590 393 988 445 Porcellum
1039 394 1432 447 taricanum
1475 394 1551 447 sic
1577 394 1770 448 facies:
1813 413 1904 449 ex-

313 481 465 518 ossas
515 466 808 533 porcellum
850 471 901 519 et
940 467 1149 534 aptabis
1191 468 1345 519 sicuti
1397 484 1536 520 aeno
1590 473 1798 521 coctum
1854 474 1907 522 et

310 538 383 591 ad
421 538 622 591 fumum
662 539 979 607 suspendeS‚
1022 540 1120 592 sed
1175 540 1491 608 perpendas
1546 546 1599 594 et
1652 547 1904 608 quantum

311 611 626 681 appendeas
663 617 866 665 tantum
906 614 1046 666 salis.
1087 614 1141 665 in
1184 614 1347 666 ollam
1396 614 1572 667 mittes
1630 620 1683 667 et
1738 615 1905 669 elixas

312 690 369 737 ut
394 687 648 753 coquatur
678 691 730 739 et
755 686 831 740 sic
862 687 1058 740 eumin
1084 687 1240 741 lance
1281 687 1472 741 efferes
1506 689 1648 741 salso
1671 693 1903 742 recente.

311 827 397 876 fiat
443 831 584 876 docet
641 831 817 877 Colum.
876 834 945 886 12,
993 834 1063 877 57.

310 890 491 934 Pallad.
523 892 565 943 8,
598 892 638 935 9.

400 950 463 994 ad
479 951 578 994 386.
613 950 846 1005 porcellus
877 951 968 994 iste
994 965 1065 996 me

311 1021 461 1065 paene
508 1009 695 1060 occidit,
753 1022 868 1064 apro
916 1011 1064 1066 magis

311 1069 513 1112 vexavit.
532 1068 774 1112 verissima
798 1072 905 1112 sunt
923 1071 1065 1113 verba

315 1126 508 1172 Gesneri
544 1127 591 1170 in
625 1127 863 1171 Thesauro
912 1141 1063 1183 „porc

312 1190 620 1243 traganus,
654 1186 782 1231 cuius
802 1200 952 1242 neque
984 1201 1065 1231 no-

312 1259 417 1291 men
474 1258 624 1301 neque
681 1250 894 1290 naturam
943 1247 1066 1302 quis-

315 1317 454 1362 quam
486 1305 667 1348 docet“.
708 1305 964 1359 sapientius
997 1309 1065 1348 ta-

317 1364 488 1408 cuisset
528 1363 674 1407 Italus
723 1363 801 1419 qui
846 1363 1064 1407 solatium

315 1422 434 1468 ferre
466 1421 719 1478 philologis
736 1434 862 1477 prae
894 1435 944 1467 se
976 1421 1067 1467 fert

318 1486 418 1537 „est
463 1481 696 1537 porcellus
742 1480 916 1526 hircum
968 1482 1065 1537 pilo

314 1546 363 1586 et
393 1540 557 1586 habitu
595 1540 801 1595 corporis
845 1541 1066 1596 quodam-

313 1600 456 1645 modo
489 1598 736 1644 referens“.
771 1599 934 1643 eodem
967 1601 1065 1645 iure

313 1659 516 1704 scribere
547 1662 760 1714 poterat:
794 1663 866 1703 est
897 1659 941 1702 in
969 1673 1065 1703 mo-

314 1719 422 1762 dum
454 1718 578 1774 tragi
609 1717 639 1761 i.
657 1730 695 1762 e.
728 1717 955 1773 spongiae
983 1718 1064 1762 du-

312 1778 447 1822 rioris
490 1789 564 1832 ap.
607 1776 723 1820 Plin.
757 1778 799 1828 9,
835 1777 931 1819 148.
965 1777 1061 1821 vel:

312 1841 386 1881 est
417 1837 496 1892 qui
527 1836 736 1879 hircosus
753 1837 852 1879 232.
886 1836 962 1879 vel
980 1850 1061 1880 no-

311 1896 431 1940 mine
464 1908 492 1938 a
509 1895 651 1939 verbo
670 1900 839 1949 τραγεῖν
871 1894 946 1950 (cf.
971 1895 1064 1939 Ro-

311 1955 391 1999 stii
423 1955 508 1999 lex.
548 1954 594 1997 in
627 1953 794 2009 τρώγω)
837 1954 915 2009 qui
956 1954 1063 1998 dum

310 2014 492 2058 roditur
515 2018 688 2068 crepat,
722 2012 980 2069 knarpclig.
1013 2018 1064 2056 at

312 2073 359 2117 in
392 2076 614 2117 contextu
655 2072 767 2115 nihil
801 2071 962 2115 harum
995 2086 1062 2116 re-

308 2146 408 2176 rum
441 2132 658 2187 repe1·iaS‚
692 2131 903 2175 omnibus
936 2131 1063 2175 codi-

312 2191 441 2236 cibus
469 2190 585 2235 meis
602 2191 831 2234 vetustius
849 2195 922 2234 est
937 2204 1062 2235 men-

310 2251 430 2295 dum.
489 2250 620 2295 varia
670 2249 873 2293 tentavi:
940 2254 1061 2292 tar-

308 2310 586 2366 peianum
631 2322 687 2352 ex
718 2309 821 2353 367
872 2309 1062 2353 troia-

308 2383 437 2413 num
471 2382 527 2412 ex
558 2368 760 2412 Macrob.
794 2372 879 2411 sat.
915 2369 956 2418 3,
991 2368 1061 2419 13,

314 2430 384 2473 13
429 2441 531 2472 cum
577 2427 690 2471 Diez
732 2427 820 2471 lex
868 2427 910 2469 d.
945 2439 1058 2470 rom.

307 2500 399 2542 spr.
419 2500 462 2542 p.
483 2487 582 2530 356.
617 2486 1060 2541 heterogonum

307 2547 520 2591 diversae
575 2549 784 2599 naturae,
847 2551 947 2588 tra
958 2558 1060 2601 ga

307 2618 506 2650 saeum
539 2617 568 2648 a
600 2604 775 2648 salibus
799 2605 1060 2659 tragasaeis

305 2665 447 2708 Plinii
477 2665 549 2715 31,
583 2663 653 2706 85.
688 2667 736 2707 et
769 2663 848 2706 76..
885 2663 963 2707 ubi
996 2664 1058 2707 le-

305 2736 391 2780 gas
438 2723 726 2778 „tragasaei“
772 2735 856 2778 pro
883 2725 1054 2778 »„pag.“

305 2782 504 2840 Hesych.
548 2783 604 2826 11.
659 2794 703 2837 p.
752 2782 882 2826 1405.
930 2782 1055 2825 1561.

305 2856 442 2886 unum
473 2855 594 2886 nunc
625 2854 697 2886 me
730 2841 889 2896 explet
920 2841 1058 2884 tari-

306 2914 501 2948 canum
544 2915 626 2947 seu
658 2901 984 2945 taricarum
1028 2900 1054 2943 i.

1156 847 1194 878 e.
1218 833 1470 890 ταριχηρὸν,
1495 834 1622 879 ouius
1654 834 1907 879 substanti-

1155 907 1263 937 vum
1306 893 1478 937 taricus
1517 893 1620 939 440.
1667 893 1769 938 coll.
1806 895 1903 938 137.

1155 953 1195 995 si
1228 952 1338 1008 quid
1370 953 1570 1007 saperda
1603 966 1778 1008 coquus
1812 966 1906 997 cer-

1154 1011 1239 1062 nit,
1270 1011 1503 1066 porcellus
1524 1012 1570 1055 in
1588 1012 1775 1055 modum
1793 1012 1904 1055 salsi

1156 1083 1237 1114 seu
1259 1070 1527 1114 salsamenti
1546 1075 1594 1115 et
1612 1070 1798 1127 quidem
1818 1073 1906 1114 hoe

1155 1129 1296 1173 modo
1328 1131 1542 1184 paratur:
1584 1143 1686 1173 cum
1719 1141 1906 1173 exossa-

1155 1192 1230 1231 tus
1279 1193 1327 1231 et
1373 1192 1668 1232 exenteratus
1716 1192 1802 1238 est,
1858 1188 1904 1230 in

1156 1259 1273 1290 aeno
1291 1246 1393 1289 381.
1428 1259 1484 1290 ex
1501 1247 1614 1299 sale,
1640 1246 1904 1302 liquamine,

1155 1304 1315 1360 pipere
1359 1309 1446 1349 cet.
1478 1306 1578 1349 373.
1612 1305 1712 1350 401.
1774 1316 1907 1361 prae-

1156 1364 1348 1407 duratur
1378 1377 1460 1408 seu
1476 1364 1819 1421 praecoquitur,
1842 1364 1905 1409 le-

1154 1422 1276 1467 viter
1308 1423 1522 1479 coquitur
1555 1425 1712 1480 sicque
1745 1426 1904 1467 coctus

1155 1481 1217 1525 ad
1264 1481 1436 1526 fumum
1483 1482 1779 1538 suspenditur
1821 1482 1904 1526 ali-

1157 1541 1390 1596 quamdiu,
1419 1541 1688 1597 depromtus
1704 1554 1788 1596 per
1804 1545 1904 1585 tan-

1157 1600 1362 1644 tumdem
1394 1606 1576 1656 tempus
1608 1601 1785 1651 salitur,
1827 1599 1904 1644 de-

1155 1671 1246 1702 nuo
1289 1659 1334 1702 in
1383 1659 1478 1703 olla
1522 1660 1736 1715 coquitur
1768 1663 1816 1703 et
1847 1672 1904 1702 ex

1153 1717 1278 1761 salso
1310 1722 1496 1763 recente
1528 1719 1734 1762 sumitur.
1782 1718 1903 1762 simi-

1154 1775 1261 1820 liter
1293 1777 1392 1820 289.
1424 1780 1588 1821 venter
1609 1777 1825 1832 porcinus
1842 1777 1903 1821 ad

1154 1835 1391 1879 dimidiam
1430 1836 1656 1892 coquitur,
1705 1836 1902 1887 levatur,

1155 1894 1215 1937 ad
1249 1894 1421 1939 fumum
1445 1895 1744 1950 suspenditur
1761 1899 1810 1938 ut
1828 1908 1903 1939 co-

1154 1952 1331 1998 loretur
1363 1958 1411 1998 et
1442 1954 1594 1998 denuo
1620 1954 1904 2009 perelixatur

1154 2016 1205 2055 ut
1237 2013 1374 2068 coqui
1403 2013 1554 2068 possit
1585 2019 1634 2058 et
1664 2012 1733 2057 40.
1772 2013 1903 2056 isicia

1154 2076 1394 2116 omentata
1424 2072 1486 2115 ad
1513 2071 1685 2116 fumum
1713 2085 1902 2128 suspen-

1152 2130 1324 2174 duntur
1375 2143 1512 2186 quam
1561 2131 1638 2174 diu
1680 2131 1811 2175 voles
1854 2135 1903 2175 et

1153 2189 1304 2233 denuo
1337 2194 1563 2233 assantur.
1598 2190 1808 2253 similiter
1838 2189 1903 2233 le-

1152 2261 1238 2303 pus
1286 2249 1387 2292 401.
1436 2253 1639 2304 paratur
1690 2274 1743 2278 —
1797 2261 1900 2292 eno

1153 2312 1381 2351 coctum
1427 2312 1531 2363 βγπ.
1594 2321 1740 2353 aeno
1774 2320 1821 2352 0.
1867 2308 1899 2355 ζ.

1153 2371 1511 2411 onococtum
1558 2370 1625 2410 θκ.
1691 2366 1749 2411 cf.
1797 2367 1901 2411 381.

1151 2426 1250 2469 389.
1302 2451 1355 2456 —
1403 2427 1449 2469 in
1496 2439 1587 2470 uno
1635 2430 1666 2477 β
1707 2430 1755 2470 et
1797 2425 1898 2469 cod.

1151 2485 1283 2529 Hum.
1332 2484 1449 2528 haec
1494 2490 1603 2529 sunt
1654 2485 1798 2529 verba
1844 2488 1902 2529 et

1151 2543 1500 2600 appendeas
1533 2549 1592 2588 et
1615 2548 1900 2599 quantum

1150 2603 1510 2658 appendeas.
1575 2602 1775 2647 fortasse
1835 2602 1901 2645 nil

1149 2662 1421 2706 mutandum
1483 2662 1571 2706 nisi
1632 2661 1900 2717 appendeas

1085 2732 1087 2734 ·
1147 2722 1275 2777 prius
1318 2726 1366 2766 et
1404 2721 1696 2765 scribendum
1729 2733 1898 2776 appen-

1151 2780 1376 2825 das.haec
1392 2781 1506 2824 dicit
1526 2792 1766 2836 „erwaege
1785 2779 1899 2823 aber

1150 2840 1225 2884 die
1268 2840 1374 2891 zeit,
1414 2853 1466 2884 so
1505 2839 1642 2895 lange
1674 2839 1736 2882 du
1768 2850 1898 2882 raeu-
1932 2866 1937 2870 -

1148 2898 1317 2951 cherst‚
1357 2911 1411 2943 so
1451 2898 1588 2955 lange
1626 2902 1772 2942 musst
1805 2898 1897 2942 ein-
