2066 3276
756 244 856 292 Lib.
889 244 968 291 111.
1034 243 1253 303 Cepuros.
1730 239 1801 295 55

211 382 404 437 bamen
458 378 671 454 [capita]
712 395 987 449 porrorum
1018 378 1171 431 simul
1207 374 1431 430 elixabis
1469 374 1525 429 in
1566 375 1800 429 caccabo

210 473 348 509 novo
398 455 473 508 ita
524 460 581 508 ut
632 471 771 521 aqua
823 452 893 506 ad
944 453 1126 506 tertias
1176 451 1454 505 deferveat
1502 448 1575 521 [id
1616 454 1696 502 est
1735 465 1804 502 ex

210 530 375 583 tribus
430 529 615 582 eminis
667 544 841 595 aquae
892 543 999 579 una
1051 523 1359 596 remaneat].
1419 528 1612 592 postea
1662 527 1804 575 teres

210 604 382 673 piper,
425 603 694 670 liquamen
735 607 787 655 et
826 601 1152 667 aliquantum
1177 599 1350 652 mellis
1378 614 1631 662 umorem,
1673 601 1801 648 tem-

210 677 425 746 perabis
480 682 531 730 et
582 692 775 743 aquam
829 675 1071 743 apiorum
1123 673 1464 727 decoctorum
1507 670 1710 724 colabis
1749 669 1804 721 in

210 750 460 804 mortario
503 754 555 802 et
593 748 947 817 superfundes
987 747 1129 817 apic.
1172 764 1289 800 cum
1330 745 1496 799 semel
1534 743 1802 810 fervuerit‚

212 827 469 894 abponeS.
515 828 567 877 et
605 823 650 875 si
688 822 890 876 libitum
931 821 1104 887 fuerit,
1146 821 1298 890 apios
1339 819 1555 872 adicies.

323 899 408 954 66.
448 897 862 964 Asparagos.
906 911 1204 964 asparagos
1241 893 1473 961 cucabiS‚
1511 908 1716 948 rursum
1750 890 1805 944 in

212 971 441 1028 calidam
481 971 789 1037 summitteS‚
832 968 1141 1025 callosiores
1180 968 1392 1024 reddes.

211 1118 418 1175 margine
461 1123 530 1162 est
574 1119 626 1162 ut
671 1118 813 1175 paulo
857 1122 966 1162 ante

217 1191 438 1236 „quorum
496 1177 708 1223 detersas
756 1178 962 1223 radices⁴⁴

214 1245 261 1283 et
292 1250 401 1282 mox
437 1237 511 1290 „id
536 1241 607 1281 est
628 1261 677 1266 —
698 1240 960 1282 remaneat“

214 1322 268 1328 —-
325 1309 524 1341 umore
587 1295 723 1341 codd.
791 1297 965 1350 „mellis

214 1359 372 1400 umor“
408 1355 495 1399 erit
528 1354 754 1400 Scribonii
771 1357 840 1400 37.
875 1357 965 1401 mel

214 1415 456 1472 liquidum.
520 1414 657 1458 simili
719 1416 965 1460 verborum

214 1474 393 1519 ambitu
410 1473 572 1517 humor
586 1475 724 1518 musti
742 1488 815 1532 ap.
835 1476 964 1532 Virg.

215 1532 270 1578 G.
307 1535 346 1585 1,
381 1534 483 1576 295.
525 1545 674 1589 aquae
714 1547 787 1591 ap.
831 1536 962 1580 Ovid.

213 1605 299 1637 am.
336 1593 378 1643 2,
412 1591 452 1643 6,
485 1592 555 1635 32.
600 1592 751 1645 l'actis,
795 1593 964 1639 Censo-

212 1652 294 1695 rin.
340 1651 383 1703 4,
427 1652 469 1694 9.
511 1651 661 1696 mellis
703 1653 857 1709 liquor
887 1667 962 1709 ap.

211 1711 394 1754 Lucret.
428 1709 470 1760 4,
496 1710 564 1761 13,
598 1723 747 1767 aquae
779 1726 855 1756 ros
889 1725 962 1768 ap.

211 1769 354 1826 Apul.
390 1773 498 1813 met.
535 1771 573 1820 1,
609 1771 675 1814 19.
699 1796 751 1801 -—
786 1771 964 1816 semel

212 1834 260 1873 et
278 1830 347 1872 85.
370 1842 484 1873 corr.
514 1842 598 1884 pro
620 1830 803 1882 simul,
838 1832 964 1887 quod

210 1902 303 1932 non
346 1900 451 1932 raro
494 1888 711 1933 scribitur
746 1891 963 1943 „semul“‚

210 1947 333 1992 unde
350 1947 514 1991 vitium
538 1953 696 1992 natum
725 1949 883 2000 (Corte
905 1950 962 1993 de

210 2020 296 2051 usu
315 2006 618 2062 orthograph.
645 2009 686 2059 3,
708 2010 776 2052 10.
795 2023 839 2064 p.
863 2009 961 2053 146.

212 2066 342 2120 147.).
389 2064 444 2108 cf.
482 2067 672 2118 „iterum
706 2080 761 2111 ac
791 2069 958 2112 tertio“

211 2126 279 2169 67.
325 2125 428 2170 coll.
475 2126 572 2168 221.
628 2131 725 2180 „ter
766 2127 958 2172 bullire“

209 2184 309 2228 425.
360 2184 533 2237 „undas
577 2189 697 2230 tres⁶⁶
749 2187 850 2231 364.
878 2185 963 2234 ’δὶς

209 2243 376 2291 ἇναζεῖν
408 2244 563 2288 Diosc.
604 2248 643 2297 1,
678 2246 746 2288 63.
798 2246 961 2291 eadem

212 2301 422 2346 confusio
465 2315 538 2358 ap.
583 2305 791 2349 Macrobi
834 2306 958 2350 Som.

210 2361 410 2417 Scipion.
429 2364 467 2413 1,
485 2363 550 2414 18,
567 2365 606 2407 6.
628 2364 787 2409 Senec.
810 2369 958 2420 tranq.

208 2433 279 2463 an.
317 2422 356 2471 1,
389 2423 430 2464 3.
463 2421 661 2478 interpp.
696 2424 755 2467 ad
797 2424 959 2468 Horat.

208 2492 340 2523 serm.
381 2481 422 2530 2,
455 2481 497 2531 8,
530 2481 601 2524 24.
636 2496 708 2537 ep.
745 2484 784 2533 1,
820 2484 859 2533 7,
887 2483 958 2526 96.

207 2537 321 2582 Iahn
339 2538 400 2581 ad
418 2538 543 2582 Pers.
566 2542 605 2591 1,
624 2542 694 2584 24.
728 2542 960 2584 Hermann

207 2597 269 2640 ad
300 2597 505 2641 Iuvenal.
539 2600 579 2650 5,
610 2600 694 2642 142
713 2613 755 2655 p.
789 2600 959 2643 XXIII.

208 2681 262 2685 -
297 2669 567 2712 appones
594 2659 729 2703 codd.
755 2659 960 2714 depones

207 2715 276 2758 67.
325 2741 376 2745 -
421 2715 482 2758 ad
524 2718 792 2773 apiorum
837 2719 957 2762 dec.

205 2774 371 2829 supple
437 2779 510 2827 „et
572 2774 841 2832 porrorum“
911 2781 958 2820 et

211 2836 403 2888 „pon-0⁴⁴
466 2835 526 2877 ad
588 2836 766 2892 „apio“,

207 2893 327 2938 enim
360 2893 602 2953 elixantur.
639 2920 692 2925 —

825 2836 958 2880 simul

1145 1115 1207 1161 ad
1239 1116 1307 1160 66.
1357 1129 1442 1172 pro
1485 1115 1647 1160 insano
1691 1114 1807 1160 sic·

1058 1176 1224 1222 cabis
1257 1176 1411 1221 inveni
1443 1175 1807 1228 siciabis,isi-

1057 1236 1215 1287 ciabis‚
1263 1236 1376 1281 sicio
1422 1235 1610 1280 condies
1653 1239 1700 1280 et
1732 1248 1808 1279 co-

1058 1309 1185 1352 ques,
1219 1296 1293 1340 vel
1326 1308 1473 1352 aeque
1505 1309 1675 1339 novum
1708 1308 1807 1339 ver-

1056 1356 1164 1400 bum
1199 1356 1446 1399 cucabis
1474 1369 1556 1399 seu
1588 1354 1806 1399 cicabis

1056 1429 1168 1459 sucu
1201 1412 1276 1470 (cf.
1310 1415 1415 1467 382)
1449 1428 1530 1459 seu
1572 1414 1695 1459 lacte
1726 1427 1807 1457 nu-

1058 1475 1122 1519 cis
1154 1474 1349 1521 indicae..
1385 1474 1457 1519 cui
1487 1487 1655 1518 nomen
1672 1474 1806 1522 κοῦκι,

1057 1546 1174 1591 quae
1208 1533 1620 1579 commendabilem
1647 1546 1805 1578 sucum

1056 1607 1111 1638 ex
1144 1597 1331 1637 austero
1376 1593 1555 1638 dulcem
1597 1593 1806 1648 praebet,

1055 1653 1170 1696 Plin.
1208 1654 1276 1704 13,
1309 1653 1379 1695 62.
1414 1652 1539 1696 Kolb
1563 1653 1806 1697 Bromato-

1055 1712 1149 1767 log.
1184 1713 1210 1755 2
1228 1726 1271 1768 p.
1293 1711 1541 1756 382-385.
1577 1725 1716 1768 supra
1735 1711 1804 1755 10.

1054 1772 1252 1827 primum
1290 1772 1334 1815 in
1367 1771 1505 1823 lacte,
1547 1777 1716 1827 postea
1759 1772 1805 1814 in

1055 1843 1177 1887 aqua
1210 1831 1435 1887 coquitur.
1486 1832 1543 1876 de
1577 1830 1807 1888 coquendi

1054 1891 1235 1935 ratione
1268 1892 1314 1935 in
1362 1904 1486 1947 aqua
1519 1891 1671 1935 calida
1704 1890 1803 1932 121.

1056 1975 1109 1981 —-
1144 1964 1377 1994 sursum
1409 1949 1525 2002 βὸθκ
1555 1976 1607 1980 —
1642 1949 1805 1993 favo·

1054 2009 1263 2054 siores.
1300 2013 1367 2052 θκ.
1404 2035 1457 2041 -
1479 2009 1689 2053 codicum
1724 2021 1805 2064 op-

1054 2069 1191 2112 timus
1257 2073 1287 2120 β
1344 2069 1433 2113 sic:
1492 2068 1804 2112 summitas

1055 2128 1429 2173 callosiores
1472 2128 1687 2172 reddes
1721 2140 1806 2171 cu-

1055 2187 1329 2231 curbitas
1361 2192 1597 2244 gustum
1637 2187 1804 2231 decu-

1055 2247 1344 2291 curbatas
1448 2247 1804 2291 cucurbitas

1054 2311 1262 2349 coctas
1295 2306 1452 2362 sicque
1491 2305 1588 2350 fere
1621 2318 1802 2349 omnes:

1052 2365 1399 2409 summittes
1432 2365 1566 2409 call.
1592 2364 1803 2408 reddes

1054 2436 1169 2467 cuc.
1204 2438 1247 2479 g.
1283 2424 1637 2468 cucurbitas
1681 2435 1803 2466 coc-

1053 2486 1160 2533 tas,
1210 2496 1325 2526 unus
1371 2495 1425 2526 πε
1469 2483 1801 2527 submittas

1053 2541 1184 2584 call.
1220 2542 1396 2585 redas
1431 2555 1546 2585 cuc.
1581 2545 1802 2597 gustum

1053 2600 1121 2643 de
1155 2600 1493 2644 cucurbitis
1538 2599 1802 2646 cucurbi-

1051 2664 1141 2702 tas
1206 2665 1426 2703 coctas.
1489 2671 1581 2703 non
1638 2659 1801 2703 mirum

1052 2718 1190 2773 quod.
1210 2719 1343 2763 Hum.
1362 2724 1471 2774 post
1487 2719 1798 2771 „summittes“

1050 2790 1219 2821 novam
1254 2778 1637 2832 compositionem
1667 2788 1800 2820 orsus

1051 2837 1236 2892 scrIpsit
1269 2837 1647 2881 Cucurbitae.
1683 2834 1800 2879 Cal-

1052 2896 1320 2941 losiorcs
1352 2895 1573 2943 reddes
1607 2906 1800 2942 cucur-
