2066 3276
278 262 382 313 194

827 263 927 306 Lib.
956 263 1033 307 IX.
1084 263 1298 307 Talassa.

383 394 508 447 436.
553 394 812 447 Convenit
851 399 903 447 et
941 395 994 446 in
1034 394 1194 447 sarda
1241 395 1322 448 ius
1363 395 1505 461 quod
1543 397 1595 448 in
1637 399 1852 464 mugile.

383 468 509 519 437.
551 469 664 519 Ius
704 467 769 518 in
809 469 1067 534 mugile
1096 470 1314 521 salso:
1341 470 1510 539 piper,
1552 470 1854 537 ligisticum,

274 539 536 606 ciminum,
579 557 730 607 cepa,
772 545 905 608 ruta,
957 542 1129 610 calva,
1185 542 1401 609 cariota,
1454 544 1574 609 mel,
1629 549 1855 611 acetum,

273 629 475 681 senape
517 618 569 666 et
607 615 795 666 oleum.

384 688 510 739 438.
552 687 720 740 Aliter
756 687 837 739 ius
876 687 932 740 in
983 688 1182 755 mugile
1234 689 1404 741 salso:
1459 689 1628 757 piper,
1685 690 1856 756 origa-

272 776 413 826 num,
455 777 632 827 cruca,
672 766 868 827 menta,
908 766 1041 829 ruta,
1072 763 1243 829 calva,
1273 763 1488 830 cariota,
1516 764 1638 830 mel,
1670 764 1859 830 oleum,

273 838 483 887 acetum
524 839 576 887 et
614 851 832 904 senape.

383 909 508 960 439.
569 909 683 961 Ius
729 908 796 960 in
848 909 1097 961 siluro:
1151 908 1218 961 in
1269 909 1625 980 pelamide
1679 910 1861 964 etin

271 981 464 1034 tinno
505 982 745 1035 salsis:
786 982 956 1050 piper,
1006 983 1307 1050 ligisticum,
1350 984 1612 1051 ciminum,
1655 1002 1858 1055 cepam,

271 1060 519 1122 mentam,
560 1060 746 1122 rutam,
789 1057 1011 1124 calvam,
1053 1056 1322 1124 cariotam,
1364 1059 1485 1125 mel,
1520 1063 1746 1125 acetum,
1776 1074 1857 1110 se-

271 1145 429 1200 nape,
473 1130 662 1183 oleum.

382 1204 507 1257 440.
547 1205 661 1256 Ius
700 1202 766 1255 in
805 1203 1016 1256 mullo
1056 1204 1313 1258 tarico:
1356 1204 1527 1273 piper,
1556 1209 1743 1272 rutam,
1774 1222 1857 1258 00-

272 1293 414 1345 pam,
458 1277 728 1344 dactilum,
771 1294 990 1345 senape,
1043 1277 1162 1329 trito
1217 1278 1512 1331 conmisccs
1565 1278 1753 1332 echino
1808 1283 1859 1332 et

276 1351 396 1405 oleo
439 1356 491 1405 et
529 1351 606 1405 sic
645 1350 936 1420 perfundes
975 1351 1179 1419 piscem
1218 1351 1425 1405 frictum
1464 1353 1552 1406 vel
1589 1357 1839 1406 assatum.

273 1527 344 1571 da
397 1527 577 1572 corda
629 1527 828 1579 chorda,
883 1527 1020 1573 sarda

271 1591 381 1643 post
420 1592 602 1643 tempus
644 1588 901 1644 legitimum
939 1600 1020 1632 seu

270 1659 374 1692 sero
407 1651 533 1698 nata,
565 1647 775 1692 iuvenis?
819 1648 1020 1692 cordu-

271 1705 327 1749 la
368 1704 551 1762 κορδύλη
602 1712 674 1751 est
716 1706 879 1763 thynni
917 1719 1021 1762 par-

270 1769 346 1809 tus
377 1765 436 1808 ab
468 1765 581 1820 ipsis
614 1766 773 1809 statim
792 1767 908 1817 ovis,
943 1765 1019 1821 qui

271 1823 439 1868 deinde
471 1836 591 1868 anno
625 1825 785 1880 elapso
819 1825 1020 1881 thynnus

271 1888 476 1934 vocatur,
496 1882 866 1939 thunheuerling.
901 1884 1017 1927 Plin.

269 1943 311 1994 9,
344 1942 415 1986 47.
449 1941 705 1999 Schweigh.
749 1943 811 1987 ad
841 1942 1017 1988 Athen.

269 2002 311 2056 3,
346 2003 402 2044 92
434 2002 492 2045 in.
805 2024 810 2032 ι

358 2060 420 2104 ad.
459 2060 559 2104 436.
627 2061 716 2105 ius
765 2060 918 2116 quod
963 2060 1018 2104 in

271 2119 493 2176 mugile
526 2120 634 2164 add.
668 2134 724 2165 ex
756 2133 847 2164 uno
879 2132 976 2175 par.

359 2179 421 2222 ad.
446 2178 550 2222 437.
584 2180 758 2223 calva
790 2192 846 2223 ex
880 2179 1015 2223 codd.

269 2251 354 2294 pro
387 2237 586 2282 salvia
628 2239 760 2283 Hum.
796 2239 895 2281 232.
961 2238 1019 2282 de

269 2297 441 2353 mugile
473 2297 535 2341 ad
569 2298 665 2341 151.
707 2311 762 2342 ex
795 2311 850 2342 eo
883 2297 1019 2341 sumi-

268 2369 369 2399 mus
423 2354 478 2410 ᾠὰ
544 2356 788 2412 ταριχευταὶ,
850 2360 1018 2412 ταρίχη,

269 2414 440 2459 Athen.
485 2417 535 2465 3,
560 2417 631 2460 92.
676 2429 794 2472 quae
837 2415 1019 2459 hodier-

267 2487 429 2518 norum
447 2474 669 2519 Italorum
682 2475 884 2532 botargo
897 2478 1018 2525 sunt,

267 2533 717 2595 Bergiusteckerei
748 2534 803 2577 II.
838 2548 881 2589 p.
917 2535 1015 2577 231.

358 2651 420 2695 ad
451 2651 554 2695 438.
589 2651 722 2695 deest
753 2651 799 2694 in
830 2663 926 2707 par.
963 2678 1016 2684 —-

269 2714 324 2754 et
355 2723 579 2765 senape
612 2708 797 2765 0111.γδ.

357 2769 419 2813 ad
450 2769 552 2814 439.
600 2769 938 2826 pelampide
971 2786 1016 2813 π.

268 2828 555 2884 pelapide
586 2829 632 2872 in
664 2842 757 2873 sex.
805 2854 857 2859 ——
901 2829 1015 2873 sal-

268 2888 418 2935 viam
461 2901 555 2947 par.
602 2888 657 2932 H.
690 2888 790 2932 437.
854 2889 1017 2944 pela-

1110 1542 1228 1586 mys
1262 1527 1454 1582 πηλαμύς
1498 1533 1545 1573 et
1575 1528 1674 1572 457.
1721 1528 1861 1584 piscis

1100 1589 1168 1642 *de
1201 1601 1372 1645 genero
1404 1587 1567 1645 thynni
1600 1589 1677 1644 qui
1694 1600 1861 1632 annum

1110 1648 1313 1692 nondum
1347 1648 1558 1698 excessit,
1597 1647 1711 1690 haut
1741 1647 1861 1691 absi-

1110 1706 1229 1750 milis
1248 1706 1483 1763 cordylae,
1516 1707 1634 1750 Plin.
1649 1708 1690 1757 9,
1703 1706 1774 1749 47.
1788 1706 1859 1750 48.

1110 1767 1181 1817 32,
1218 1765 1313 1808 146.
1349 1765 1521 1810 Athen.
1557 1767 1598 1816 3,
1623 1765 1694 1809 85.
1731 1766 1770 1816 7,
1789 1766 1859 1809 66.

1112 1838 1212 1869 cum
1246 1825 1441 1880 interpp.
1464 1850 1517 1856 -
1551 1824 1778 1868 silurus
1803 1828 1861 1863 σι’-

1110 1885 1262 1939 λουρος
1293 1884 1435 1939 vulgo
1478 1890 1662 1939 putatur
1699 1884 1860 1935 sturio,

1110 1943 1169 1987 ab
1188 1943 1291 1987 aliis
1309 1943 1475 1987 silurus
1492 1943 1642 1999 glanis
1666 1943 1713 1985 L.
1733 1943 1859 1994 wels,

1112 2002 1189 2058 qui
1220 2001 1471 2046 Aristoteli
1504 2003 1607 2046 hist.
1638 2014 1708 2044 an.
1729 2003 1770 2053 9,
1788 2002 1858 2045 37.

1109 2060 1282 2104 Athen.
1320 2062 1359 2111 7,
1395 2062 1489 2105 120.
1535 2061 1650 2104 Plin.
1683 2062 1726 2112 9,
1762 2061 1859 2104 145.

1110 2119 1259 2175 glanis
1304 2120 1484 2170 dicitur,
1533 2120 1591 2163 ab
1640 2120 1743 2163 aliis
1785 2120 1860 2163 vel

1109 2178 1347 2234 acipenser
1386 2179 1747 2229 Guldenstadtii,
1779 2192 1860 2222 no-

1110 2237 1182 2282 bis
1216 2238 1384 2290 esther,
1419 2239 1493 2282 vel
1526 2238 1765 2293 acipenscr
1780 2236 1861 2281 hu-

1111 2310 1178 2348 so,
1211 2296 1399 2347 hausen,
1432 2298 1505 2341 vel
1540 2297 1665 2353 quod
1698 2297 1860 2340 Cuvic-

1110 2356 1178 2400 rio
1221 2357 1410 2411 placuit,
1453 2369 1520 2400 ac.
1550 2355 1769 2400 ruthenus
1809 2357 1858 2398 L.

1110 2416 1289 2459 sterlet.
1333 2417 1485 2459 mirari
1528 2429 1589 2459 sc.
1634 2415 1759 2459 subit
1802 2414 1859 2459 110

1110 2475 1390 2529 acipensere,
1424 2488 1525 2518 cum
1548 2475 1593 2517 in
1612 2475 1769 2518 Tiberi
1787 2486 1859 2518 ca-

1109 2538 1298 2588 peretur
1340 2539 1387 2578 et
1419 2534 1464 2578 in
1499 2529 1755 2589 magnificis
1789 2546 1860 2577 00-

1109 2593 1178 2635 nis
1193 2598 1518 2648 apponeretur,
1536 2597 1743 2636 nostrum
1765 2606 1859 2636 om-

1108 2652 1218 2696 nino
1251 2658 1419 2697 tacere.

1198 2711 1259 2754 ad
1290 2712 1390 2755 440.
1425 2711 1637 2756 mullus
1670 2724 1761 2754 non
1792 2709 1857 2753 vi·

1110 2769 1245 2814 detur
1285 2770 1508 2816 barbatus
1552 2776 1600 2814 et
1639 2769 1858 2814 surmule-

1108 2834 1198 2881 tus,
1240 2829 1468 2883 rothbart,
1518 2830 1858 2874 schmeerbutte

1113 2889 1208 2932 142.
1246 2889 1342 2933 160.
1383 2891 1480 2937 161.
1513 2890 1613 2933 455.
1650 2890 1730 2934 8011
1765 2902 1857 2934 ma-
