2066 3276
648 254 747 299 Lib.
781 255 861 299 IV.
923 253 1193 298 Pandectes.
1676 255 1746 308 99

156 389 292 441 cies:
346 394 484 442 teres
525 388 696 459 piper,
748 386 1051 454 ligisticum,
1094 386 1327 452 fricabis,
1370 385 1643 439 suffundes
1684 387 1743 439 li-

157 479 383 529 quamen
425 467 476 515 et
513 462 708 528 vinum,
749 478 910 531 passo
951 461 1275 529 temperabis
1302 461 1388 512 vel
1417 460 1538 513 vino
1569 459 1742 527 dulce,

155 536 478 606 temperabis
528 536 581 587 in
636 535 942 600 caccabum,
985 534 1144 586 mittis
1186 534 1289 587 olei
1331 533 1612 587 modicum.
1667 534 1744 586 fa-

158 610 266 662 cies
307 614 363 661 ut
400 609 620 662 ferveat.
666 625 782 660 cum
822 607 1089 673 fervuerit,
1131 608 1306 659 amolo
1343 608 1569 674 obligas,
1610 609 1743 677 pati-

155 700 277 734 nam
317 699 500 735 versas
549 682 604 733 in
642 682 867 747 lancem,
921 681 1048 733 folia
1087 682 1379 733 malvarum
1422 687 1545 735 ante
1585 682 1742 748 tollis,

157 772 428 823 oenogaro
480 754 772 826 perfundiS,
825 756 1043 824 insuper
1095 754 1249 831 piper
1290 755 1534 823 aspargis
1576 761 1629 808 et
1666 756 1744 807 in-

153 828 312 883 feres.

271 904 390 956 182.
447 901 731 955 Gustum
774 900 853 972 de
894 901 1238 955 oleribus:
1295 901 1515 954 condies
1557 903 1744 956 bulbos

155 976 458 1043 liquamine,
501 976 619 1029 oleo
662 980 714 1029 et
751 975 891 1028 vino,
935 992 1052 1028 cum
1094 974 1231 1028 cocti
1269 974 1480 1041 fuerint,
1514 975 1746 1030 iscinera

155 1050 379 1119 porcelli
432 1054 483 1103 et
536 1049 850 1117 gallinarum
905 1054 957 1102 et
1004 1049 1249 1116 ungellas
1291 1054 1342 1102 et
1382 1050 1573 1103 scellas
1614 1050 1743 1103 divi-

157 1140 244 1178 sas
283 1156 355 1163 —-
393 1123 529 1177 haec
579 1123 756 1176 omnia
804 1139 922 1176 cum
969 1123 1142 1177 bulbis
1181 1122 1439 1176 ferveant.
1484 1140 1603 1177 cum
1643 1123 1746 1178 fer-

156 1255 309 1299 graec.
323 1242 516 1291 πουλίον,
529 1240 728 1293 turdum,
746 1236 906 1285 ficetu-

155 1302 262 1352 lam,
291 1301 520 1344 miliacam
551 1303 750 1356 (κέρχνην
770 1313 906 1355 grau-

156 1373 328 1403 ammer
376 1358 431 1403 cf.
475 1359 711 1404 Kaercher
751 1360 902 1416 Etym.

156 1420 291 1463 beitr.
324 1418 353 1461 4
383 1432 426 1474 p.
460 1418 550 1471 45.)
586 1444 638 1448 -
683 1432 749 1463 ex
780 1419 904 1462 iure

157 1478 277 1522 iuste
310 1477 379 1521 54.
415 1502 469 1508 --
502 1478 797 1533 promixta
829 1477 904 1521 vel

156 1537 461 1592 promisca
502 1537 595 1579 iam
642 1537 736 1579 141.
787 1549 903 1581 corr.

156 1610 241 1651 pro
283 1596 637 1651 praemixta.
675 1621 725 1625 -Q
770 1595 909 1638 laxa

158 1655 329 1705 laxata,
374 1658 508 1698 cocta
541 1654 686 1705 isicia,
728 1654 908 1709 gigeria

160 1719 245 1757 cet.
283 1739 334 1742 -—
377 1713 652 1756 inversos
684 1726 777 1756 non
809 1726 907 1756 vcr—

159 1785 252 1823 sos,
291 1785 383 1815 non
415 1776 635 1822 mutatos,
676 1785 767 1814 non
802 1785 907 1815 con-

160 1832 295 1882 cisos,
319 1831 541 1886 integros.
576 1831 684 1874 olim
707 1830 907 1885 explica-

158 1890 264 1933 bam
299 1903 355 1933 ex
387 1889 693 1945 Theophrast.
720 1889 824 1932 hist.
844 1890 905 1944 pl.

161 1949 201 2000 7,
236 1949 305 1999 12,
337 1949 377 1991 9.
415 1973 467 1977 -
512 1950 908 1992 damascenas

161 2007 296 2051 codd.
331 2011 378 2050 et
410 2007 513 2050 280.
536 2033 589 2037 —
619 2008 909 2063 piretrum

161 2071 208 2109 et
260 2070 507 2120 peretrum,
569 2067 907 2122 pirretrum,

160 2128 494 2181 pyretrum,
558 2125 907 2181 pyrethrum

162 2183 298 2227 codd.
344 2188 392 2227 et
433 2183 502 2226 45.
538 2185 638 2227 272.
674 2184 773 2227 274.
808 2186 907 2228 369.

161 2242 388 2299 pyritrum
431 2243 477 2285 in
510 2242 714 2288 Aethico
749 2244 909 2288 Hiero-

161 2301 287 2358 nymi
318 2302 389 2352 55,
415 2301 483 2345 14.
518 2302 806 2346 officinarum
826 2317 909 2359 py-

162 2359 303 2403 rethri
341 2359 486 2412 radix,
529 2361 639 2416 gall.
674 2362 908 2419 pyrethre,

162 2418 258 2462 ital.
317 2418 505 2474 pilatro,
559 2419 675 2475 hisp.
728 2422 911 2475 pelitre‚

162 2478 297 2521 nobis
348 2477 736 2530 bertramwurzel‚
794 2492 912 2536 quae

86 2547 94 2553 ’
165 2537 273 2592 quia
305 2540 446 2592 gustu
483 2536 792 2582 fervidissimo
827 2543 912 2590 est,

162 2598 403 2650 γευσαμένῳ
418 2596 745 2652 πυρωτικωτάτη
755 2598 911 2642 DiOSC.

163 2656 204 2703 3,
227 2654 293 2697 78.
330 2659 372 2698 et
405 2668 544 2709 supra
575 2655 645 2699 45.
681 2657 914 2700 minimum

163 2713 365 2756 addatur
407 2714 574 2758 suadet
617 2728 805 2771 coquus.
851 2716 915 2759 sic

165 2772 289 2822 olim,
331 2786 451 2815 nunc
495 2786 595 2816 cum
636 2774 914 2818 Dierbachio

164 2836 323 2874 nostro
368 2832 489 2874 Flor.
535 2833 640 2887 apic
675 2838 709 2885 ξ.
745 2834 814 2891 89.
850 2834 914 2877 111·

165 2895 396 2946 terpretor
423 2893 703 2935 artemisiam
724 2893 915 2936 dracun-

998 1240 1149 1285 culum
1182 1241 1278 1284 Lin.
1300 1241 1494 1298 dragun,
1528 1245 1748 1298 estragon

998 1300 1263 1344 culinarum.
1325 1326 1378 1330 —
1439 1299 1749 1346 suffundis

999 1360 1095 1403 179.
1117 1385 1161 1389 —-
1191 1360 1748 1417 commiscisexquin-

997 1431 1085 1473 que
1119 1419 1256 1463 codd.
1291 1444 1344 1449 —-
1380 1419 1547 1463 ducit
1570 1433 1627 1464 ex
1650 1421 1748 1464 140.

995 1478 1128 1521 Hum.
1164 1491 1278 1521 corr.
1312 1491 1396 1532 pro
1432 1479 1594 1523 ducis
1624 1480 1749 1535 quod

995 1537 1062 1580 sic
1076 1535 1320 1580 defendam
1337 1554 1345 1578 :
1366 1551 1540 1593 coquus
1555 1552 1656 1582 cum
1668 1539 1748 1582 im-

999 1600 1215 1650 peratore
1240 1595 1545 1640 conferendus
1579 1598 1748 1652 (Plaut.

1000 1654 1184 1698 Trucul.
1230 1657 1270 1707 2,
1317 1655 1356 1706 7,
1390 1656 1460 1699 54.
1507 1657 1571 1709 „si
1605 1661 1656 1700 tu
1688 1656 1750 1700 ad

999 1713 1228 1769 legionem
1272 1714 1475 1758 bellator
1518 1715 1658 1767 clues,
1702 1719 1752 1759 at

1000 1785 1088 1828 ego
1122 1773 1167 1815 in
1196 1773 1347 1816 culina
1375 1773 1541 1818 Ares“.
1575 1774 1749 1819 Athen.
1796 1811 1799 1814 .

999 1832 1039 1885 9,
1075 1833 1144 1874 22.
1180 1845 1298 1875 vers.
1332 1832 1388 1876 43
1415 1834 1564 1889 seqq.)
1599 1834 1647 1877 id
1670 1848 1752 1890 gu-

999 1895 1119 1933 stum
1165 1891 1307 1942 ducit,
1357 1893 1486 1946 operi
1534 1893 1751 1948 primario

999 1954 1200 2004 praeest,
1234 1955 1284 1993 ut
1316 1951 1395 1993 alii
1429 1951 1638 2003 classem,
1682 1966 1754 1996 or-

1001 2008 1146 2059 dines,
1179 2007 1328 2060 funus,
1364 2009 1567 2061 chorum,
1594 2011 1752 2054 ludum

1001 2067 1188 2118 ducunt,
1238 2069 1364 2124 quod
1398 2074 1469 2112 est
1506 2070 1752 2125 principes,

1000 2127 1142 2171 duces
1160 2133 1281 2179 sunt,
1299 2134 1536 2182 praesunt,
1556 2129 1630 2172 vel
1651 2142 1752 2172 cum

999 2191 1143 2241 poeta
1178 2184 1252 2240 (cf.
1287 2187 1459 2231 Athen.
1497 2190 1535 2239 1,
1573 2189 1625 2231 13
1655 2185 1752 2241 fin.)

1002 2245 1079 2300 qui
1123 2258 1250 2300 epos,
1296 2259 1478 2290 carmen
1522 2247 1663 2290 ducit.
1699 2272 1754 2278 —

1002 2303 1177 2347 dulce
1216 2305 1261 2347 in
1295 2310 1513 2360 quatuor,
1547 2306 1608 2349 ad
1642 2306 1755 2349 Gar-

1003 2362 1080 2417 gil.
1117 2376 1207 2406 cur.
1243 2363 1382 2407 boum
1415 2378 1457 2419 p.
1492 2365 1565 2409 41.
1598 2365 1668 2407 42.

1092 2421 1153 2464 ad
1189 2422 1285 2469 182.
1321 2423 1594 2468 oleribus
1627 2437 1751 2468 men-

1004 2479 1121 2523 dosa
1154 2480 1294 2524 lectio
1329 2482 1526 2535 videtur,
1562 2497 1663 2527 cum
1697 2483 1755 2526 de

1003 2538 1157 2583 bulbis
1207 2539 1402 2584 dicatur.
1457 2543 1633 2587 conieci
1684 2541 1757 2586 vel

1004 2598 1142 2641 aliis
1187 2599 1379 2651 rebus,
1424 2602 1498 2646 vel
1546 2602 1759 2646 balea-

1008 2657 1170 2701 ribus
1205 2658 1301 2702 scil.
1337 2660 1505 2713 bulbis,
1551 2675 1607 2706 ex
1640 2661 1756 2704 Plin.

1010 2717 1077 2767 19,
1112 2717 1186 2764 94.
1210 2743 1259 2747 -—
1297 2721 1581 2775 ungellas
1614 2733 1759 2775 ungu-

1007 2775 1090 2826 las,
1125 2780 1355 2822 extremas
1398 2784 1557 2834 partes
1589 2779 1759 2834 pedum

1006 2835 1260 2886 suillorum,
1296 2849 1413 2892 quae
1448 2838 1760 2883 numerandae

1008 2895 1051 2937 in
1084 2894 1353 2951 ἆκροκωλίοις
1395 2903 1442 2941 et
1474 2898 1658 2954 saepius
1714 2897 1759 2940 in
