2066 3276
301 242 406 294 180
820 257 920 301 Lib.
960 255 1074 301 VIII.
1139 256 1386 312 Tetrapus.

296 374 551 440 coquitui,
593 372 844 426 adicies
831 391 886 424 1n
913 373 1218 426 mortarium
1257 374 1426 443 piper,
1460 380 1649 460 rutam,
1692 377 1882 429 bacam

293 447 445 514 lauri,
486 447 770 531 liquamen,
812 463 1053 523 passum
1069 446 1180 499 sive
1222 464 1524 515 caroenum,
1571 449 1750 501 vinum
1791 467 1881 504 ve-

293 526 394 587 tuS‚
436 520 588 572 simul
628 519 805 572 omnia
841 524 999 587 tereS,
1045 525 1312 588 temperas
1355 526 1407 574 et
1445 521 1656 576 traicies
1695 522 1749 574 in
1788 541 1882 591 pa-

294 594 457 646 tinam
499 611 739 647 aeneam.
782 593 942 646 mittis
985 610 1119 647 eum.

406 667 528 720 390.
570 667 867 720 Porcellum
910 684 974 720 eo
1015 667 1156 720 iure:
1198 684 1510 737 percoqueS.
1555 685 1671 722 cum
1706 673 1883 722 autem

294 741 460 808 levaS,
519 742 696 794 amolo
751 740 1015 808 obligabis
1069 745 1122 795 et
1159 741 1236 795 sic
1274 741 1329 794 in
1367 758 1462 796 vas
1500 742 1791 797 transferes
1833 746 1885 796 et

292 813 490 868 inferes

405 890 529 941 391.
570 888 970 941 Porcellum
1007 887 1172 940 timo
1207 905 1553 958 sparsum:
1588 889 1881 957 porcellum

292 962 580 1015 lactentem
631 962 802 1029 pridie
869 961 1099 1014 occisum
1155 962 1323 1015 elixas
1374 963 1486 1015 sale
1540 968 1593 1016 et
1630 968 1788 1016 aneto
1831 968 1883 1016 et

292 1036 346 1087 in
388 1052 527 1103 aqua
565 1034 763 1102 frigida
814 1034 1029 1088 assidue
1081 1035 1298 1102 intingis
1350 1040 1406 1088 ut
1458 1036 1747 1089 candorem
1790 1035 1882 1089 ha-

294 1110 433 1163 beat.
473 1109 668 1163 deinde
694 1108 1033 1162 condimenta
1059 1108 1250 1162 viridia
1288 1109 1488 1177 timum,
1515 1110 1748 1178 puleium
1772 1127 1882 1162 mo-

295 1182 488 1250 dicum,
530 1200 632 1235 ova
685 1182 835 1248 dura,
890 1199 1080 1250 cepam
1129 1183 1400 1236 concisam
1451 1183 1766 1251 minutatim,
1819 1200 1886 1237 ea

294 1257 471 1310 omnia
511 1257 886 1324 superspargis
928 1262 980 1308 et
1019 1255 1205 1308 condis
1230 1257 1530 1323 liquaminis
1560 1257 1734 1311 emina
1760 1273 1882 1324 una,

294 1332 398 1384 olei
438 1331 620 1397 pondo
662 1346 784 1395 unc,
823 1330 970 1398 passi
1010 1329 1191 1400 pondo
1244 1346 1350 1382 uno
1393 1334 1447 1383 et
1484 1330 1561 1384 sic
1600 1330 1880 1384 ministras.

406 1406 530 1457 392.
621 1403 1018 1458 Porcellum
1098 1403 1512 1456 oxizomum:
1590 1404 1884 1473 porcellum

293 1483 603 1532 accuratum
645 1477 859 1530 ornabis
900 1481 952 1530 et
989 1476 1149 1530 mittis
1199 1478 1254 1529 in
1301 1477 1577 1531 iuscellum
1631 1478 1707 1532 sic
1761 1495 1882 1531 con-

294 1551 490 1605 ditum:
532 1551 734 1605 adicies
772 1552 825 1602 in
867 1550 1171 1603 mortarium
1211 1552 1411 1619 piperis
1451 1568 1621 1618 grana
1659 1553 1718 1606 L.
1758 1553 1883 1605 mel-

291 1626 356 1678 lis
398 1631 648 1693 quantum
702 1629 970 1693 conpetat,
1040 1641 1203 1695 cepas
1253 1626 1424 1678 siccas
1474 1626 1571 1677 III.
1617 1625 1878 1679 coriandri

287 1699 470 1753 viridis
510 1699 624 1753 sive
663 1698 1115 1765 sicci-modicum,
1155 1698 1459 1765 liquaminis
1499 1699 1748 1766 eminam,
1779 1699 1883 1754 olei

286 1833 366 1878 tis
408 1845 526 1876 eum
570 1830 824 1887 porcellum
858 1834 1040 1874 coctum

285 1892 331 1936 in
375 1904 476 1936 eam
517 1892 725 1947 patinam
769 1890 813 1932 iu
847 1902 938 1946 qua
968 1890 1039 1933 ius

286 1956 371 1996 est.
404 1949 570 2005 supple
603 1963 660 1994 ex
691 1950 791 1992 392.
830 1949 923 2002 „sic
938 1961 1038 2003 per-

285 2022 462 2066 coques
497 2015 546 2053 et
578 2009 646 2052 sic
686 2007 941 2063 porcellum
973 2007 1037 2050 in-

288 2068 453 2114 feres“.

373 2127 553 2171 ad391.
587 2126 735 2170 timo
770 2137 1036 2180 crapsum

283 2192 332 2231 et
363 2191 577 2244 tymmo
611 2197 827 2239 crapsu
860 2184 961 2228 cod.
992 2189 1040 2228 et

282 2259 391 2290 mox
444 2245 695 2289 timmum
749 2243 1039 2299 polleium

283 2330 338 2336 —
373 2304 466 2348 oba
509 2330 563 2336 -
619 2302 754 2347 ciba
803 2302 1038 2347 concisa

281 2363 513 2407 minuta
554 2389 605 2393 -
648 2362 946 2417 liquamen
980 2386 1035 2392 —-

279 2435 478 2478 passo.
500 2447 551 2451 ——
586 2421 647 2464 ad
678 2433 948 2476 sparsum
977 2419 1034 2464 cf.

282 2482 380 2526 139.
428 2482 615 2534 „timum
655 2482 923 2536 asparges“.
967 2479 1034 2523 sic

278 2541 378 2584 297.
413 2540 519 2583 cod.
539 2552 638 2594 par.
672 2541 888 2594 „apsum“
924 2538 1034 2582 scri-

278 2599 350 2644 bit
379 2612 464 2655 pro
502 2599 886 2653 „asparsum“.—
920 2598 1033 2652 pri-

279 2659 369 2703 die
403 2658 580 2702 occis.
615 2670 672 2701 ex
692 2656 1031 2712 coquorumle-

276 2718 431 2774 gibus,
496 2715 551 2760 cf.
617 2716 906 2760 Artemidor.
955 2727 1028 2771 ap.

276 2776 453 2821 Athen.
484 2776 554 2828 14,
567 2775 662 2891 ρ.84
707 2774 913 2819 medicus
952 2786 1031 2843 ap.

275 2836 443 2881 Ideler.
476 2836 534 2880 II
601 2834 747 2887 2.68,
782 2835 822 2879 7.
854 2860 904 2864 —
939 2835 1030 2877 mi-

275 2895 536 2941 nutatim
567 2849 686 2939 corr.
721 2907 777 2938 ex
809 2892 1025 2937 117.138.

1134 1830 1232 1874 180.
1272 1830 1343 1874 97.
1389 1830 1492 1875 360.
1530 1832 1632 1875 399.
1665 1830 1796 1875 Varr.
1830 1832 1881 1876 L.

1131 1890 1181 1992 I..
1205 1889 1264 1992 ξι,
1292 1891 1347 1932 21
1380 1894 1416 1942 ἓ.
1454 1889 1553 1935 104.
1587 1889 1686 1934 Col.
1723 1891 1791 1942 12,
1810 1891 1883 1943 59,

1218 2064 1279 2109 ad
1302 2065 1401 2108 392.
1437 2064 1716 2120 porcello
1750 2079 1881 2110 exo—

1128 2137 1287 2168 zome
1312 2124 1752 2169 etexodiomum
1776 2125 1880 2169 cod.

1131 2183 1189 2227 de
1222 2196 1314 2239 quo
1346 2182 1394 2226 di
1420 2196 1507 2238 pro
1526 2197 1549 2226 z
1569 2184 1793 2227 monitum
1811 2184 1881 2227 52.

1128 2242 1282 2297 pullus
1330 2242 1569 2287 oxizomus
1616 2242 1715 2286 241.
1778 2256 1881 2287 cum

1127 2301 1222 2345 acri
1244 2302 1353 2345 iure.
1381 2326 1433 2331 —
1462 2306 1806 2346 accuratum
1828 2307 1882 2346 ut

1125 2361 1411 2416 praecipitur
1431 2360 1532 2404 391.
1554 2387 1608 2393 —
1633 2373 1658 2405 c
1671 2374 1698 2405 0
1713 2374 1741 2404 n
1755 2360 1878 2404 dito

1126 2419 1228 2463 cod.
1262 2424 1310 2464 et
1350 2419 1537 2464 aicies
1569 2420 1623 2463 in
1654 2424 1880 2464 morta-

1125 2478 1211 2522 rio
1244 2479 1414 2534 piper
1446 2504 1500 2509 -
1545 2491 1710 2534 quam
1743 2491 1880 2523 con-

1124 2537 1305 2593 pedat
1352 2562 1407 2569 —-
1456 2538 1650 2581 emina
1693 2562 1747 2569 —
1791 2550 1879 2582 se-

1123 2597 1255 2652 pius
1309 2597 1575 2653 agitavis
1633 2622 1686 2627 —
1745 2609 1879 2652 per-

1124 2668 1297 2711 quoq;
1331 2657 1399 2699 sic
1434 2660 1683 2711 „quantum
1708 2668 1879 2711 conpe-

1123 2715 1231 2758 dat“
1270 2716 1366 2758 119.
1403 2740 1456 2746 —
1490 2715 1684 2759 mittis
1716 2714 1777 2758 ad
1810 2714 1878 2771 ig-

1120 2787 1226 2818 nem
1267 2773 1522 2830 porcellum
1567 2775 1645 2830 qui
1686 2774 1732 2816 in
1777 2773 1877 2817 iure

1121 2833 1356 2889 descripto
1380 2833 1517 2878 iacet.
1542 2858 1589 2863 —-
1612 2843 1756 2887 cepa
1783 2833 1877 2876 ius

1119 2904 1237 2937 corr.
1271 2904 1328 2936 ex
1358 2891 1476 2936 334..
