2066 3276
593 289 689 332 Lib.
714 288 772 336 V.
821 288 1038 343 Ospreos.
1561 287 1665 340 109

75 438 303 489 porrum,
360 421 710 487 coriandrum,
765 420 982 474 coliclos
1035 419 1342 472 malvarum.
1400 418 1522 470 dum
1578 435 1663 471 co-

77 496 263 563 quitur,
317 501 458 548 teres
513 496 682 563 piper,
736 494 1038 561 ligisticum,
1096 493 1391 559 origanum,
1447 491 1666 545 feniculi

75 586 275 635 semen,
318 569 576 621 suffundis
616 569 883 634 liquamen
924 572 975 620 et
1014 568 1211 620 vinum.
1266 566 1320 618 in
1356 567 1663 632 caccabum,

75 642 277 696 adicies
319 644 506 695 oleum.
552 659 670 694 cum
708 641 978 707 fervuerit,
1021 641 1214 707 agitas.
1271 640 1446 693 oleum
1496 639 1665 692 viride

74 716 295 783 insuper
332 715 491 767 mittis
534 720 585 768 et
622 715 836 768 inferes.

186 791 308 842 202.
365 790 757 842 Conciclam
821 805 961 840 cum
1015 786 1208 839 faba:
1262 803 1473 853 coques.
1525 791 1666 839 teres

75 863 242 930 piper,
286 862 586 929 ligisticum,
630 862 894 927 ciminum,
949 860 1284 914 coriandrum
1337 859 1506 913 viride
1560 859 1664 912 suf-

74 937 251 989 fundis
290 937 578 1003 liquamen,
620 936 742 988 vino
778 940 830 988 et
854 935 1139 1001 liquamine
1166 934 1507 1001 temperabis
1551 934 1663 986 mit-

74 1010 139 1062 tis
178 1010 230 1061 in
274 1011 580 1076 caccabum,
637 1008 844 1062 adicies
890 1009 1082 1061 oleum.
1126 1008 1268 1060 lento
1309 1007 1421 1074 igni
1460 1007 1667 1061 ferveat

75 1088 126 1136 et
164 1081 379 1137 inferes

186 1158 307 1210 203.
365 1156 758 1210 Conciclam
810 1155 1233 1224 apicianam:
1287 1153 1524 1222 accipies
1579 1171 1665 1208 cu-

72 1248 286 1284 manam
325 1230 579 1283 mundam
618 1231 707 1284 ubi
749 1246 946 1296 coques
998 1229 1188 1313 pisam,
1245 1228 1329 1281 cui
1380 1228 1542 1282 mittis
1589 1229 1664 1282 lu-

75 1306 288 1358 canicas
330 1305 592 1371 concisaS,
634 1304 840 1357 isiciola
879 1304 1114 1388 porcina.
1151 1303 1346 1371 pulpas
1370 1303 1661 1370 petasonis.

74 1384 211 1432 teres
251 1378 422 1447 piper,
476 1379 780 1445 ligisticum,
836 1378 1131 1444 origanum,
1187 1381 1418 1442 anetum,
1474 1394 1666 1462 cepam

73 1452 287 1519 siccam,
331 1452 665 1505 coriandrum
704 1451 889 1518 viride,
940 1450 1200 1503 suffundis
1252 1450 1540 1518 liquamen,
1591 1451 1665 1504 vi-

72 1543 196 1578 num
238 1531 289 1579 et
327 1527 613 1593 liquamine
653 1525 975 1594 temperabis
1045 1524 1206 1577 mittis
1257 1523 1312 1576 in
1366 1541 1663 1592 cumanam,

74 1600 158 1652 cui
198 1600 402 1653 adicies
444 1601 634 1666 oleum,
676 1599 870 1670 pungis
910 1599 1105 1665 ubique
1156 1603 1213 1650 ut
1253 1598 1506 1651 conbibat
1559 1598 1665 1652 ole-

73 1691 174 1727 um.
216 1674 328 1741 igni
367 1675 509 1726 lento
553 1690 749 1742 coques
790 1674 863 1726 ita
903 1678 959 1724 ut
997 1672 1204 1726 ferveat
1244 1676 1296 1725 et
1334 1671 1549 1725 inferes

74 1805 244 1848 vacios.
277 1804 394 1849 Plin.
429 1806 501 1857 21,
548 1806 614 1848 19.
661 1805 819 1849 Diosc.

73 1866 113 1915 2,
164 1863 261 1906 144.
320 1864 540 1915 turiones,
599 1864 822 1920 πτόρθους

72 1922 313 1978 Aristoph.
357 1923 478 1967 Plut.
522 1923 621 1966 544.
667 1949 721 1953 —
764 1925 821 1967 in

74 1982 389 2026 caccabum
421 1982 625 2027 mittes
647 1983 743 2026 202.
767 2008 819 2012 ——

72 2041 266 2096 agitas
300 2042 523 2097 coagitas.
561 2067 614 2072 ——

160 2100 221 2143 ad
253 2101 354 2143 202.
389 2101 664 2145 conciola
697 2114 819 2144 cum

73 2157 223 2209 faba,
257 2159 295 2202 si
327 2160 454 2203 locus
488 2160 657 2211 salvus,
693 2161 818 2204 vide-

70 2222 146 2261 tur
176 2218 341 2270 solida,
375 2219 557 2274 integra
590 2232 691 2262 cum
721 2232 817 2263 cor-

70 2278 160 2321 tice
193 2290 276 2321 suo
311 2278 520 2328 decocta,
553 2278 707 2323 schale
734 2279 818 2321 mit

73 2336 154 2379 der
175 2335 342 2388 bohne,
375 2337 675 2386 schalbohne,
710 2351 815 2381 con-

72 2395 187 2438 cicla
218 2409 300 2439 seu
343 2396 578 2440 concicula
612 2397 816 2440 Marcelli

69 2455 125 2497 33
143 2467 188 2509 p.
217 2456 312 2497 227.
348 2467 467 2510 quae
500 2455 686 2499 conchis
718 2454 814 2510 κόγ-

68 2529 162 2566 χος,
220 2527 320 2556 cum
378 2513 488 2558 faba
540 2515 696 2557 iuncta
743 2526 815 2568 ap.

69 2571 241 2616 Athen.
297 2572 339 2623 4,
391 2573 460 2615 50.
508 2573 566 2617 de
610 2585 700 2628 qua
748 2578 819 2616 est

70 2630 301 2674 distichon
364 2632 588 2675 Martialis
655 2634 723 2683 13,
779 2632 819 2683 7,

70 2690 173 2733 coll.
208 2691 248 2740 5,
282 2691 353 2733 39.
376 2691 415 2741 7,
451 2691 518 2733 73.
552 2691 756 2734 Iuvenal.
776 2693 818 2742 3,

70 2750 167 2792 293.
205 2750 274 2800 14,
321 2750 417 2792 131.
462 2748 599 2793 fabae
639 2749 818 2794 follicu-

68 2807 192 2851 latae
241 2809 493 2863 opponitur
540 2807 690 2852 fracta
737 2822 818 2853 seu

70 2865 205 2918 fresa,
258 2868 375 2922 pisa,
423 2868 570 2922 pinsa,
631 2869 815 2922 pinsita.

68 2924 443 2981 α’πολελεπισμένη,
507 2926 814 2978 ἔκλεπισθεῖσα,

915 1804 988 1848 cui
1031 1803 1245 1849 valvulae
1289 1808 1500 1848 exemtae
1543 1814 1665 1855 sunt,

915 1863 1090 1907 Colum.
1142 1864 1183 1914 6,
1217 1863 1288 1914 31,
1342 1865 1379 1905 1.
1425 1863 1466 1914 6,
1510 1863 1578 1918 10,
1626 1866 1665 1908 1.

914 1935 1055 1978 quare
1087 1923 1190 1978 pisa
1221 1935 1305 1977 pro
1335 1923 1543 1967 conciola
1574 1923 1666 1966 dici

911 1987 1070 2037 potest
1102 1983 1200 2025 203.
1236 1982 1337 2024 205.
1396 1980 1451 2025 cf.
1499 1982 1662 2037 depisa

913 2041 1011 2085 204.
1046 2040 1269 2085 lenticula
1302 2041 1374 2084 cui
1407 2045 1569 2085 cortex
1588 2041 1665 2084 de-

911 2106 1061 2143 tracta
1103 2105 1245 2155 atque
1281 2100 1421 2142 etiam
1455 2099 1608 2143 farina
1641 2113 1665 2143 e

910 2159 1130 2203 lenticula
1189 2158 1379 2202 Graecis
1431 2159 1452 2199 ὁ
1497 2160 1665 2204 λέκιθος

911 2219 1097 2269 dicitur,
1130 2218 1234 2274 puls
1269 2231 1325 2261 ex
1342 2218 1454 2273 pisis
1473 2220 1548 2263 vel
1569 2217 1665 2263 len-

909 2278 1066 2321 ticula.
1101 2276 1356 2332 Schweigh.
1392 2278 1453 2321 ad
1485 2277 1663 2322 Athen.

906 2338 949 2388 3,
991 2338 1060 2381 89.
1094 2350 1137 2392 p.
1178 2337 1280 2380 337.
1325 2350 1408 2390 pro
1452 2350 1557 2382 con
1575 2337 1657 2380 ci-

908 2396 1059 2439 clam
1122 2395 1170 2438 G.
1248 2394 1426 2439 Gesner
1487 2396 1667 2440 mavult

908 2453 1279 2498 conchidem.
1314 2455 1445 2497 Hum.
1480 2455 1665 2510 scripsit

911 2512 1288 2558 conchiclam
1347 2519 1395 2557 et
1442 2514 1665 2569 interpre—

910 2578 1037 2616 tatur
1072 2570 1226 2616 fabam
1260 2571 1468 2617 conchin.
1506 2600 1554 2603 ⁷—-
1592 2573 1665 2617 li-

912 2644 1162 2687 quamen
1194 2631 1250 2674 in
1283 2645 1346 2677 ea
1379 2632 1514 2677 codd.

1001 2691 1062 2734 ad
1086 2692 1186 2735 203.
1220 2691 1406 2746 pisum
1440 2691 1575 2736 codd.
1603 2690 1664 2735 ad

911 2750 1010 2793 202.
1050 2776 1101 2780 -
1135 2751 1457 2805 petasonis
1487 2764 1544 2795 ex
1564 2750 1662 2794 194.

908 2823 993 2864 pro
1027 2814 1403 2865 petasonem.
1440 2836 1492 2840 —
1527 2823 1662 2865 pun-

908 2869 1001 2924 gis
1044 2882 1100 2912 ex
1146 2868 1280 2913 codd.
1326 2875 1374 2912 et
1414 2869 1514 2912 301.
1561 2869 1662 2912 320.

909 2928 1037 2971 Huni.
1066 2928 1218 2972 obiter
1247 2929 1431 2983 scripsit
1461 2941 1663 2984 perun-
