2066 3276
725 229 824 275 Lib.
845 230 944 276 VII.
1007 230 1243 277 Politeles.

186 361 494 433 dimentun1‚
537 368 657 432 mel,
712 367 996 434 liquamen,
1052 368 1279 420 amolum
1333 383 1451 420 cum
1501 366 1606 420 iam
1657 367 1767 421 bul-

178 438 325 491 liunt.
372 446 424 494 et
463 442 577 496 sine
616 442 901 509 liquamine
945 449 997 496 et
1036 444 1156 497 oleo
1187 443 1448 496 elixantur
1474 447 1770 509 coquuntur

179 517 231 565 et
269 514 345 567 sic
387 516 574 583 pipere
614 517 1016 587 perfunduntur.
1071 517 1155 570 ius
1194 532 1356 587 supra
1407 516 1662 586 scriptum
1717 520 1770 570 et

176 586 252 640 sic
293 589 530 642 bulliunt.

288 664 410 716 268.
452 664 624 717 Aliter
665 665 887 717 ofellae:
947 671 1093 718 recte
1134 665 1402 731 finguntur
1440 668 1496 716 ut
1533 682 1763 734 pemma,

178 737 490 789 surclantur.
533 738 832 806 liquaminis
873 740 1059 791 summi
1092 739 1302 804 (natum,
1344 755 1518 804 aquae
1554 739 1765 805 ciatum‚

176 809 315 862 aceti
357 811 550 864 ciatum
593 817 644 865 et
684 812 786 865 olei
828 813 1036 867 ciatum.
1080 813 1233 866 simul
1272 812 1450 864 mixtis
1499 817 1552 866 et
1588 813 1766 866 inmis-

1666 234 1766 289 137
1828 268 1831 269 ν

173 882 245 935 sis
284 883 337 936 in
378 886 632 952 patellam
671 886 884 939 fictilem
924 887 1076 952 frigis
1118 892 1170 940 et
1208 886 1420 939 inferes.

284 958 406 1010 269.
487 959 654 1012 Aliter
714 961 932 1014 ofellas:

171 1047 458 1098 oenogaro.
502 1033 658 1102 piper
697 1035 943 1104 aspargis
972 1040 1024 1088 et.
1049 1034 1265 1088 inferes,

1003 961 1057 1013 in
1128 960 1402 1028 sartagine
1475 959 1768 1013 abundanti

1345 1034 1514 1087 Aliter
1544 1034 1735 1088 ofellas
1753 1055 1764 1088 ε

171 1103 366 1159 ofellae
424 1107 570 1174 prius
630 1107 744 1162 sale
804 1113 856 1162 et
910 1109 1117 1162 comino
1170 1108 1379 1162 infusae
1431 1108 1486 1162 in
1537 1125 1765 1178 aequam

169 1184 316 1232 recte
355 1179 631 1248 friguntur.

168 1326 265 1369 tavi
288 1330 339 1370 ut
361 1330 666 1383 responderet
692 1330 918 1374 similibus

166 1390 218 1430 ut
228 1398 363 1442 capra
369 1388 531 1443 gineus
542 1401 569 1431 a
587 1401 727 1444 capro
742 1403 812 1444 ap.
827 1389 918 1433 Ma-

167 1445 291 1490 crob.
326 1452 413 1491 sat.
447 1448 489 1498 3,
526 1449 594 1499 13,
642 1449 709 1491 12.
745 1449 919 1505 oleagi—

165 1517 277 1548 neus
315 1506 565 1560 vitigineus
609 1521 664 1551 ex
696 1508 792 1552 vite
824 1507 918 1551 fac-

164 1567 253 1607 tus.
289 1565 347 1609 de
380 1578 493 1620 apro
528 1567 787 1611 condiendo
830 1568 919 1611 330

164 1636 291 1679 seqq.
327 1623 555 1669 ofellae
579 1638 917 1681 aprugneae

162 1681 295 1726 Hum.
317 1709 370 1714 ——
405 1683 539 1728 ΟῙΘΟ
572 1684 650 1740 liq.
677 1684 915 1740 ἒλαιογὰρῳ.

165 1767 218 1773 -
269 1742 714 1788 condimentum
759 1746 916 1789 condi-

163 1804 281 1851 tura,
314 1802 397 1846 sed
436 1807 604 1856 postea
646 1807 718 1848 est
759 1808 915 1859 petro-

162 1859 357 1904 silenum
405 1862 476 1905 56.
526 1887 578 1894 --
634 1863 802 1918 piper
863 1890 912 1893 ——

162 1919 428 1963 bulliunt
461 1921 628 1965 desunt
666 1922 711 1964 in
745 1936 826 1966 sex
866 1926 914 1966 et

163 1978 234 2022 ed.
276 1979 461 2023 mediol.

162 2050 281 2093 eoq.
317 2038 415 2081 221.

250 2096 311 2140 ad
345 2098 443 2141 268.
501 2097 723 2141 audacior
765 2099 831 2143 fui
870 2100 916 2143 in

164 2156 439 2211 corrigendo
494 2157 705 2201 codicum
750 2172 809 2202 re
824 2163 915 2203 cte

163 2213 477 2270 friguntur
509 2220 570 2260 ut
602 2229 749 2271 pene
782 2231 913 2263 asso

161 2287 182 2315 r
196 2287 223 2317 o
237 2273 266 2316 d
280 2286 349 2317 an
364 2278 424 2318 tu
437 2289 472 2326 r,
519 2275 641 2320 unde
698 2276 752 2319 H.
803 2276 914 2321 fecit

161 2346 194 2374 r.
254 2331 328 2375 fr.
379 2338 440 2376 ut
497 2347 683 2390 paene
740 2348 912 2381 assae

161 2404 182 2433 r
197 2403 221 2434 e
237 2390 266 2434 d
280 2391 309 2434 d
323 2404 351 2434 a
364 2406 393 2435 n
407 2397 426 2435 t
439 2406 467 2436 u
480 2407 515 2441 r.
548 2398 673 2437 recte
702 2393 916 2443 fortasse,

161 2450 199 2492 si
262 2454 422 2494 teneas
478 2453 794 2497 rodantur.
858 2453 913 2498 cf.

160 2508 316 2552 Rostii
348 2510 456 2554 Lex.
491 2511 536 2554 in
565 2510 729 2567 rrqcbyw.
764 2527 915 2557 meum

159 2566 488 2623 finguntur
529 2570 591 2613 sit
633 2571 677 2614 in
724 2572 914 2616 obillam

164 2626 468 2682 designantur
486 2642 541 2673 ex
562 2630 659 2673 265.
690 2630 735 2673 in
758 2636 915 2675 rotun-

159 2686 267 2729 dum
316 2687 651 2742 complicantur
709 2703 767 2733 ex
814 2691 911 2734 266.

157 2758 187 2799 p
202 2758 279 2789 em
294 2760 336 2789 m
350 2758 377 2788 a
410 2750 557 2799 πέμμα
580 2761 682 2792 esse
708 2748 915 2805 τράγημα,

157 2803 412 2855 hellarium,
453 2806 587 2850 dulce
619 2808 718 2851 300.
752 2814 914 2853 notum

158 2876 213 2907 ex
245 2863 453 2910 Varrone
480 2878 551 2922 ap.
588 2866 704 2911 Gell.
745 2868 913 2921 13,11‚

515 2006 566 2012 —-
612 1981 914 2026 elixantur

1010 1332 1046 1374 6.
1085 1332 1158 1375 vel
1191 1332 1393 1378 Maorob.
1430 1337 1517 1377 sat.
1563 1335 1605 1384 2,
1647 1333 1689 1385 8,
1721 1334 1766 1381 3.

1012 1404 1071 1435 ex
1103 1392 1254 1436 Nonio
1299 1406 1343 1447 p.
1389 1393 1459 1437 90.
1503 1392 1653 1438 lexico
1696 1407 1765 1449 gr.

1011 1476 1063 1480 —
1107 1451 1196 1494 iam
1232 1452 1329 1495 183.
1374 1453 1473 1495 261.
1518 1453 1618 1495 265.
1663 1453 1763 1496 266.

1008 1509 1207 1553 vidimus
1239 1511 1358 1555 male
1385 1512 1561 1567 pictum
1594 1517 1642 1556 et
1662 1525 1765 1567 per-

1008 1581 1167 1623 peram
1215 1569 1385 1614 lectum
1438 1571 1468 1614 d
1509 1571 1558 1615 id
1608 1576 1679 1615 est
1723 1571 1765 1614 cl

1010 1628 1160 1672 malae
1193 1630 1449 1684 scripturae
1482 1631 1646 1674 surdas
1678 1643 1763 1686 pro

1008 1687 1183 1731 surclas
1217 1701 1402 1732 causam
1422 1702 1534 1734 esse.
1560 1691 1627 1734 sic
1651 1694 1765 1734 nata

1007 1751 1115 1790 sunt
1157 1748 1256 1790 297.
1302 1749 1347 1791 in
1390 1752 1445 1788 θκ
1491 1749 1759 1802 „haeolina“

1006 1819 1090 1860 pro
1156 1805 1425 1859 „haedina“,
1487 1809 1656 1852 nucida
1712 1812 1764 1852 at

1009 1865 1191 1909 nucicla
1223 1879 1295 1921 ap.
1315 1867 1476 1911 Isidor.
1515 1869 1584 1919 17,
1619 1869 1659 1919 7,
1692 1869 1749 1912 23

1008 1924 1134 1968 liclia
1166 1930 1213 1969 ct
1246 1926 1360 1970 lidia
1391 1927 1419 1970 i.
1454 1941 1491 1970 e.
1526 1927 1657 1984 lydia
1691 1928 1761 1980 17,

1006 1985 1048 2034 9,
1085 1985 1153 2027 18.
1184 1984 1289 2029 hinc
1316 1985 1425 2030 feda
1442 1998 1515 2040 ap.
1534 1986 1761 2041 Pelagon.

1012 2043 1062 2085 11
1097 2039 1173 2086 fin.
1210 2050 1282 2088 est
1314 2043 1434 2089 secla
1473 2045 1500 2088 i.
1536 2059 1574 2090 e.
1608 2044 1762 2091 fecula

1007 2102 1078 2145 48.
1125 2108 1172 2147 et
1213 2117 1297 2159 pro
1336 2104 1653 2148 subduxerant
1685 2118 1758 2160 ap.

1006 2161 1121 2205 Non.
1155 2176 1200 2217 p.
1233 2177 1290 2206 m.
1325 2164 1396 2214 32,
1429 2176 1469 2206 a.
1505 2164 1652 2208 codex
1679 2177 1760 2220 pa-

1006 2220 1085 2264 lat.
1121 2220 1265 2266 habet
1302 2223 1667 2267 subclauserant.
1704 2249 1757 2255 —

1005 2280 1185 2323 mixti
1217 2279 1372 2335 βγὸθκ.
1394 2281 1466 2325 ed.
1485 2282 1603 2326 med.
1634 2283 1758 2326 mis-

1004 2338 1052 2382 si
1086 2339 1116 2387 ζ.
1152 2340 1353 2384 mixtis
1387 2340 1458 2384 ed.
1490 2354 1557 2396 pr.
1592 2341 1650 2387 H.
1724 2345 1727 2348 '

1097 2398 1158 2441 ad
1191 2399 1289 2442 269.
1340 2412 1646 2456 oenogaro
1680 2399 1757 2445 fri-

1006 2469 1090 2511 ges
1124 2458 1224 2501 270.
1262 2483 1304 2487 -
1350 2459 1584 2502 comino
1619 2460 1758 2504 comi-

1006 2529 1094 2559 neo
1139 2516 1243 2561 oleo
1288 2530 1401 2561 corr.
1446 2531 1530 2573 pro
1582 2520 1756 2563 cumi-

1006 2588 1078 2617 no
1113 2576 1181 2619 60.
1218 2576 1318 2620 255.
1353 2577 1453 2621 270.
1493 2582 1540 2621 et
1571 2577 1627 2620 in
1660 2591 1756 2622 ae-

1007 2646 1168 2689 quam
1210 2648 1295 2690 pro
1339 2635 1393 2678 in
1442 2648 1649 2691 aquam
1704 2642 1756 2681 ut

1005 2693 1067 2736 sit
1109 2693 1207 2738 sale
1251 2707 1341 2750 qua
1383 2699 1430 2739 et
1468 2695 1648 2739 comino
1682 2696 1751 2740 64.

1005 2765 1155 2808 aequa
1198 2753 1344 2805 lance,
1385 2755 1487 2809 pari
1540 2767 1754 2799 mensura
1794 2808 1796 2811 y

1006 2811 1121 2854 Plin.
1157 2812 1229 2863 23,
1260 2812 1331 2856 83.
1373 2813 1535 2867 aequis
1576 2814 1752 2868 portio-

1005 2871 1139 2915 nibus
1167 2872 1239 2924 28,
1259 2872 1356 2916 173.
1393 2871 1449 2917 cf.
1469 2873 1540 2917 90.
1559 2872 1619 2917 ad
1640 2873 1752 2920 Gar-
