2066 3276
301 226 371 277 94
829 224 927 269 Lib.
951 225 1032 274 IV.
1080 226 1354 271 Pandectes.

415 358 535 409 177.
587 356 879 409 Minutal
922 375 1001 410 ex
1040 358 1485 416 iocineribus
1514 365 1594 411 'et
1633 360 1884 427 pulmo-

299 430 501 483 nibus
549 430 843 500 leporis:
897 431 1135 484 invenies
1184 433 1320 484 inter
1375 433 1588 502 lepores
1633 434 1884 498 quemad-

298 503 511 556 modum
562 503 747 556 facies.
801 503 1002 556 adicies
1054 505 1107 556 in
1149 506 1442 558 caccabum
1484 506 1768 571 liquamen,
1813 508 1885 558 vi-

298 593 439 643 num,
482 577 673 643 oleum,
731 583 945 630 coctura
983 595 1197 647 porrum
1239 583 1291 631 ct
1334 578 1670 630 coriandrum
1712 580 1885 632 conci·

298 666 431 717 sum,
472 650 625 704 isicia
664 650 879 717 minuta,
922 652 1186 720 spatulam
1228 652 1508 720 porcinam
1544 658 1748 705 coctam
1782 659 1885 706 tes-

298 724 525 777 sellatim
579 724 847 777 concisam
902 730 954 777 et
996 724 1050 776 in
1093 724 1321 779 eundem
1362 727 1651 779 caccabum
1692 727 1884 779 mittes,

299 798 424 850 dum
464 798 716 867 coquitur,
757 803 897 851 teres
930 798 1100 867 piper,
1135 799 1435 866 lig-isticum,
1475 802 1768 867 origanum,
1804 800 1885 852 ius

299 871 367 925 de
420 889 514 925 suo
569 871 685 938 sibi,
740 872 862 924 vino
918 877 969 924 et
1020 889 1181 941 passo
1233 873 1572 943 temperabis.
1621 873 1789 927 facies
1830 879 1885 926 ut

297 945 518 1001 ferveat.
560 962 677 999 cum
716 944 984 1012 fervuerit,
1025 951 1247 1000 tractam
1290 947 1594 1014 confringes
1638 952 1689 1000 et
1729 964 1884 1001 exea

299 1019 522 1087 obligas.
564 1020 719 1088 piper
757 1020 1003 1091 aspargis
1045 1025 1097 1074 et
1134 1020 1348 1074 infelffles

414 1095 533 1148 178.
596 1093 893 1147 Minutal
934 1111 1008 1147 ex
1047 1094 1258 1147 rosis.
1316 1093 1506 1149 eodem
1544 1094 1658 1148 ime
1700 1111 1882 1185 supra-

297 1168 513 1240 script0,
555 1167 652 1221 sed
690 1184 907 1236 passum
947 1169 1066 1239 plus
1106 1168 1323 1222 adicies

414 1244 534 1296 179.
579 1241 931 1314 [Tisanam
970 1243 1080 1296 vel
1122 1241 1367 1314 sucum]
1429 1242 1753 1294 Tisanam
1806 1242 1883 1295 sic

296 1314 493 1370 facies:
534 1316 760 1368 tisanam
800 1315 1032 1369 lavando
1074 1316 1237 1369 fricas
1279 1333 1439 1383 quam
1478 1320 1601 1368 ante
1636 1315 1777 1368 diem
1810 1316 1886 1368 in-

296 1390 489 1459 fundis,
529 1391 756 1459 inpones
787 1406 950 1458 supra
982 1390 1163 1457 ignem
1199 1390 1444 1444 calidum.
1483 1406 1600 1443 cum
1639 1389 1885 1456 bullierit‚

297 1465 471 1519 mittes
526 1464 630 1517 olei
681 1463 809 1517 satis
851 1469 902 1517 et
945 1464 1088 1518 aneti
1127 1464 1394 1518 modicum
1429 1464 1757 1530 fasciculum,
1802 1481 1886 1516 ce-

296 1555 423 1607 pam
462 1539 675 1605 siccam‚
719 1539 1000 1591 satureiam
1056 1544 1108 1591 et
1149 1539 1397 1607 puleium,
1451 1544 1507 1590 ut
1544 1537 1618 1590 ibi
1659 1554 1887 1605 coquan-

295 1618 392 1666 tur.
433 1618 651 1681 propter
690 1629 874 1666 sucum
913 1612 1089 1665 mittes
1130 1612 1465 1666 coriandrum
1508 1611 1675 1664 viride
1713 1617 1765 1664 et
1803 1627 1887 1664 sa-

297 1745 402 1790 dem
450 1745 712 1789 caccabum.
758 1770 811 1774 -
859 1744 1041 1790 infer-

297 1810 436 1849 veat
478 1818 535 1848 ex
566 1821 590 1859 γ
622 1805 694 1848 ed.
738 1818 808 1859 pr.
840 1818 924 1859 pro
957 1805 1041 1847 in-

297 1863 576 1907 ferveant
610 1868 657 1907 ct
690 1862 985 1907 ferveant.

385 1923 447 1966 ad
481 1923 581 1965 177.
638 1922 771 1966 deest
801 1922 847 1965 in
881 1926 951 1966 θκ.
988 1947 1040 1951 -

1132 1757 1177 1799 p.
1209 1744 1311 1794 416,
1348 1744 1415 1787 14.
1454 1745 1497 1787 II
1528 1758 1571 1800 p.
1592 1745 1692 1795 267,
1709 1743 1749 1786 4.
1785 1745 1886 1796 269,

1136 1804 1202 1846 16.
1236 1817 1317 1847 seu
1335 1801 1544 1858 ὃωρακινά
1566 1804 1747 1859 persica
1768 1803 1886 1848 Geo-

1132 1876 1239 1917 pon.
1278 1863 1345 1913 10,
1384 1863 1453 1913 13,
1490 1864 1558 1907 15.
1594 1876 1695 1906 cum
1722 1863 1886 1917 interp.

1133 1927 1180 1965 et
1214 1921 1399 1965 Cornar.
1434 1921 1495 1964 ad
1512 1921 1732 1977 Aeginet.
1756 1922 1794 1971 1,
1814 1921 1884 1963 81.

1133 1994 1175 2035 p.
1222 1994 1280 2024 m.
1327 1980 1426 2023 706.
1474 1981 1607 2025 nobis
1647 1980 1887 2031 melotten,

1135 2039 1435 2090 cartomelen,
1463 2039 1762 2090 marillichen,
1796 2051 1889 2081 ma-

1134 2098 1278 2141 rillen.
1325 2099 1468 2141 etiam
1503 2099 1560 2143 de
1592 2099 1722 2142 bacis
1756 2110 1889 2141 rosae

297 1982 391 2026 tale
425 1981 627 2026 edulium
662 1981 851 2025 Graecis
874 1981 1042 2025 dicitur

294 2045 515 2096 μίμαρκυς.
575 2041 735 2084 inter
797 2040 1042 2096 lepores

295 2101 397 2143 399.
442 2100 500 2144 (16
543 2100 723 2143 ratione
768 2099 949 2143 dicendi
982 2098 1044 2141 ad

299 2159 396 2202 172.
444 2184 498 2190 -
542 2172 852 2214 porrorum
906 2157 1042 2202 codd.

385 2218 447 2261 ad
482 2218 577 2260 178.
632 2217 848 2261 videntur
880 2217 1043 2261 eadem

297 2290 436 2333 poma
469 2289 587 2333 quae
622 2277 668 2319 in
701 2276 869 2319 Edicto
895 2275 1045 2319 Diocl.

298 2337 339 2388 6,
373 2336 442 2379 68.
477 2337 597 2379 inter
628 2335 751 2378 mala
784 2335 936 2379 locum
969 2334 1047 2377 ha-

296 2395 409 2439 bent
441 2399 488 2438 et
519 2395 566 2438 in
599 2394 686 2438 lex.
729 2394 929 2438 Facciol.
973 2407 1049 2438 ex-

296 2454 527 2510 plicantur
572 2454 694 2496 mala
737 2466 887 2505 rosea,
929 2453 1050 2496 mela

297 2526 405 2557 rosa
451 2512 704 2557 hodiernae
751 2513 931 2564 Italiae,
979 2512 1049 2555 sic

298 2572 425 2616 dicta
457 2572 742 2624 ob„1oseos
771 2570 908 2617 flores
927 2571 1050 2614 simi-

298 2631 366 2676 les
399 2630 589 2675 floribus
622 2631 731 2674 mali
754 2631 934 2685 punici“
970 2630 1050 2673 Isi-

299 2691 397 2735 dor.
434 2691 504 2741 17,
539 2690 579 2741 7,
613 2690 652 2732 6.
698 2689 819 2733 unde
853 2689 1048 2732 Martial.

301 2753 340 2802 1,
371 2749 445 2802 43,
464 2749 504 2792 6.
541 2749 750 2807 „imitata
780 2748 946 2792 breves
970 2762 1052 2803 pu-

299 2810 403 2852 nica
433 2782 581 2864 gran”a
613 2795 1049 2860 rosas“,ve1450<5a-

300 2867 393 2911 κινὰ
428 2867 591 2913 Medic.
627 2867 733 2912 min.
767 2867 838 2911 ed.
883 2866 997 2911 Idel
1031 2866 1053 2909 I

1135 2157 1325 2200 caninae
1369 2157 1653 2214 cogitabam.
1680 2183 1731 2186 -—
1766 2169 1892 2211 pas-

1134 2229 1183 2259 s1
1215 2228 1314 2270 par.

1228 2275 1288 2318 ad
1309 2276 1405 2318 179.
1441 2274 1643 2329 repetita
1663 2275 1762 2318 208.
1782 2289 1810 2330 p
1825 2275 1891 2317 ti-

1138 2346 1340 2377 sanam
1372 2334 1506 2377 Hum.
1538 2347 1594 2377 ex
1627 2333 1699 2377 ed.
1718 2348 1784 2389 pr.
1807 2347 1891 2389 pro

1140 2393 1351 2437 codicum
1400 2405 1605 2436 meorum
1664 2394 1894 2448 scriptura

1139 2452 1411 2503 recentiore,
1453 2464 1543 2507 qua
1576 2452 1716 2495 etiam
1750 2453 1893 2495 Italo-

1139 2525 1238 2555 rum
1255 2511 1547 2561 Tolemaeus,
1567 2511 1778 2555 silotrum
1807 2515 1892 2561 est,

1143 2576 1249 2614 sunt
1291 2570 1394 2614 libri
1438 2570 1574 2614 Nonii
1617 2583 1660 2625 p.
1695 2585 1751 2614 m.
1793 2571 1881 2614 378

1142 2629 1309 2673 Isidori
1342 2630 1413 2680 20,
1444 2630 1487 2680 3,
1521 2630 1591 2672 21.
1635 2629 1772 2674 Plinii
1789 2628 1891 2673 Val.

1143 2691 1185 2740 2,
1217 2690 1286 2732 37.
1333 2689 1393 2732 in.
1438 2688 1641 2744 Silligius
1671 2689 1784 2732 Pliu.
1826 2689 1894 2738 18,

1146 2749 1214 2792 71.
1252 2747 1318 2791 74.
1355 2748 1426 2799 20,
1464 2747 1534 2790 46.
1579 2748 1650 2798 21,
1696 2748 1793 2791 165.
1833 2746 1892 2790 al.

1146 2832 1197 2836 --
1250 2807 1332 2862 ig.
1383 2806 1643 2850 calidum
1697 2807 1894 2850 cinerem

1145 2866 1357 2909 calidum.
1424 2890 1477 2895 —-
1554 2866 1893 2910 coloedium
