2066 3276
301 211 363 263 17
371 211 405 262 4
836 210 935 254 Lib.
954 209 1072 253 VIII.
1118 210 1360 264 Tetrapus.

298 341 602 394 calidum
640 341 791 393 iure
834 339 1206 412 [frigidum]
1263 341 1475 394 crudo
1518 343 1877 410 apiciano:

296 414 498 468 adicies
555 414 609 465 in
666 414 970 466 mortarium
1030 414 1198 482 piper,
1259 414 1561 481 ligisticum,
1615 416 1880 468 coriandri

297 504 497 553 semen,
524 492 774 554 mentam,
810 491 997 554 rutam,
1026 487 1256 554 fricabiS,
1285 488 1559 541 suffundes
1597 489 1880 556 liquamen,

298 561 500 614 adicies
553 561 678 627 mel,
732 561 910 612 vinum
964 566 1016 614 et
1063 561 1332 627 liquamen
1372 567 1423 614 et
1461 562 1882 629 porcellumeli-

297 651 421 687 xum
460 633 772 701 ferventem,
815 650 1016 687 savano
1059 634 1257 687 mundo
1298 635 1551 688 siccatum
1592 635 1883 707 perfundes

300 714 352 761 et
388 706 601 760 inferes.

411 782 535 835 377.
595 781 989 834 Porcellum
1048 781 1526 834 vitellianum:
1592 781 1882 850 porcellum

300 872 456 908 ornas
497 855 647 922 quasi
686 871 887 925 aprum,
941 856 1055 909 sale
1095 871 1372 923 asparges,
1426 856 1480 907 in
1520 854 1673 907 furno
1716 871 1883 908 assas

299 929 501 982 adicies
553 929 609 981 in
660 928 965 980 mortarium
1018 930 1189 998 piper,
1243 929 1545 996 ligisticum,
1613 928 1886 982 suffundes

298 1003 583 1070 liquamen,
624 1002 748 1055 vino
792 1007 844 1055 et
882 1019 1046 1070 passo
1088 1003 1428 1071 temperabis,
1488 1003 1542 1055 in
1596 1004 1887 1056 caccabum

302 1077 405 1131 olei
462 1075 726 1145 pusillum.
787 1075 1008 1130 ferveat.
1080 1081 1131 1131 et
1188 1077 1479 1145 porcellum
1539 1093 1718 1130 assum
1775 1077 1888 1130 iure

300 1167 559 1223 asparges
598 1150 672 1203 ita
711 1154 767 1202 ut
806 1151 902 1204 sub
944 1156 1063 1205 cute
1104 1151 1218 1205 eius
1258 1151 1496 1219 recipiat.

413 1226 535 1278 378.
610 1224 1010 1278 Porcellum
1068 1223 1522 1277 flaccianum:
1596 1223 1890 1291 porcellum

302 1315 463 1353 ornas
500 1299 554 1352 in
593 1297 809 1350 modum
860 1299 991 1366 apri,
1048 1299 1160 1351 sale
1201 1315 1461 1366 asparges
1503 1303 1554 1351 et
1591 1297 1643 1350 in
1684 1297 1890 1350 furnum

302 1373 494 1426 mittes.
540 1371 663 1424 dum
706 1371 961 1439 coquitur,
1002 1372 1203 1425 adicies
1242 1372 1292 1423 in
1345 1372 1668 1429 mortarium.
1719 1371 1889 1439 piper,

301 1439 604 1514 ligisticum,
648 1463 881 1512 careum,
925 1446 1256 1529 apg-semen,
1298 1446 1486 1499 lasaris
1513 1445 1766 1512 radicem,
1809 1461 1889 1497 ru-

301 1526 408 1573 tam
448 1519 687 1587 viridem,
728 1519 962 1587 fricabiS,
1005 1519 1278 1573 suffundes
1327 1520 1610 1588 liquamen,
1665 1519 1786 1572 vino
1843 1524 1892 1571 et

303 1611 465 1663 passo
506 1594 846 1662 temperabis,
888 1594 941 1646 in
983 1595 1271 1647 caccabum
1314 1594 1416 1646 olei
1456 1593 1738 1646 modicum.
1789 1591 1891 1645 fer-

302 1674 443 1735 veat,
485 1668 659 1721 amolo
707 1668 931 1735 obligas
974 1668 1265 1735 porcellum
1307 1672 1513 1720 coctum
1566 1668 1633 1720 ab
1687 1666 1893 1719 ossibus

303 1828 489 1873 videtur
519 1828 636 1873 alius
669 1842 696 1873 a
715 1829 916 1873 lactente
949 1829 1047 1872 387.

302 1889 541 1943 γαλαθηνῷ.
564 1914 616 1920 -
648 1886 925 1944 ,‚frigidum“
949 1902 1051 1931 cum

303 1948 365 1992 sit
408 1947 533 2003 quod
578 1947 798 1999 „crudum
843 1947 943 1990 ius“
987 1947 1052 1990 al-

304 2011 453 2050 terum
496 2006 825 2051 removendum
865 2010 964 2050 erat
997 2019 1053 2050 ex

1142 1828 1368 1872 videntur.
1402 1853 1451 1857 —
1488 1828 1663 1884 quasi
1694 1839 1893 1882 aprum

1142 1892 1193 1931 ut
1224 1888 1325 1931 379.
1362 1887 1406 1930 in
1438 1887 1624 1931 modum
1658 1886 1758 1941 apri
1791 1886 1890 1929 378.

1143 1945 1199 1989 cf.
1235 1951 1282 1990 et
1314 1947 1414 1990 305.
1460 1947 1560 1990 306.
1606 1950 1653 1989 et
1693 1945 1754 1988 ad
1799 1957 1893 1988 rem

1142 2006 1242 2049 330.
1267 2031 1315 2034 κ
1351 2004 1537 2049 salem
1571 2017 1685 2059 asp.
1721 2004 1819 2046 366.
1843 2028 1895 2033 —

306 2066 407 2110 237.
456 2066 554 2109 238.
607 2092 659 2095 —
719 2065 1052 2121 liquamine
1145 2064 1199 2107 in
1242 2062 1282 2106 f.
1330 2077 1503 2107 ornas
1551 2063 1620 2107 ed·
1654 2076 1720 2118 pr.
1759 2087 1807 2091 —
1843 2061 1898 2103 in

305 2136 466 2180 porc.
508 2125 552 2167 in
593 2124 812 2180 plurimis.
847 2125 973 2180 prius
1005 2124 1056 2167 li-

307 2195 502 2239 quamen
559 2189 611 2227 ut
677 2196 817 2238 saepe
875 2183 1058 2227 terendi

306 2243 459 2299 gratia
492 2243 678 2286 additur
712 2243 899 2286 128.·-
934 2256 1057 2298 por-

309 2301 519 2346 cellum
568 2327 622 2333 —
680 2300 910 2346 inferes
968 2315 1056 2345 om.

308 2361 380 2406 ed.
412 2374 479 2416 pr.
515 2365 562 2405 et
592 2361 779 2405 mediol.
815 2387 865 2391 —
900 2372 1059 2404 sava-

306 2433 374 2464 no
408 2420 544 2464 codd.
579 2421 681 2464 215-

398 2479 459 2522 ad
492 2479 595 2522 377.
631 2478 993 2523 vitellianus
1030 2490 1059 2521 a

308 2537 501 2582 Vitellio
543 2538 779 2582 luxurioso
822 2537 921 2580 197.
957 2537 1057 2580 201.

308 2598 586 2647 nominatus,
620 2610 816 2652 quocum
834 2596 879 2639 in
897 2596 1060 2640 eadem

309 2656 489 2701 luxuria
532 2656 589 2700 de
644 2668 735 2713 qua
783 2655 969 2699 Sueton.
1014 2656 1061 2699 in

310 2715 403 2759 Vit.
451 2717 518 2759 13.
564 2715 713 2759 Tacit.
756 2714 862 2758 hist.
904 2715 945 2765 2,
989 2715 1057 2757 95.

310 2775 447 2819 amici
485 2775 660 2819 Fronto
703 2774 802 2818 380.
866 2773 1060 2817 Flaccus

311 2835 410 2879 378.
456 2834 663 2879 Celsinus
705 2834 804 2879 382.
858 2837 1060 2877 certasse

1147 2122 1394 2167 caccabo
1425 2136 1545 2166 cum
1574 2122 1694 2166 olei
1726 2135 1768 2177 p.
1797 2124 1827 2172 β
1852 2126 1899 2164 et

1146 2183 1247 2233 379,
1282 2182 1407 2237 quod
1440 2195 1563 2226 cum
1597 2180 1796 2225 fortasse
1826 2183 1898 2223 est

1149 2253 1388 2285 cumano
1422 2241 1496 2285 vel
1524 2240 1742 2285 comini
1775 2237 1900 2295 quod

1149 2300 1302 2344 oleum
1350 2300 1394 2342 in
1438 2300 1621 2355 aliquot
1662 2299 1777 2342 locis
1821 2297 1898 2340 de-

1148 2359 1319 2403 texisse
1362 2358 1471 2402 mihi
1514 2359 1690 2402 videor.
1728 2383 1777 2387 —
1814 2356 1901 2399 ita

1152 2423 1209 2463 et
1242 2423 1310 2473 βγ.
1356 2443 1407 2447 -
1454 2418 1581 2461 eius
1623 2416 1807 2461 videtur
1844 2419 1902 2458 et

1150 2478 1241 2521 ius
1274 2481 1321 2521 et
1353 2476 1486 2521 iure
1517 2477 1545 2519 i.
1582 2489 1622 2532 q.
1656 2476 1776 2519 iuste
1802 2474 1900 2517 185.

1240 2536 1301 2579 ad
1333 2536 1431 2579 378.
1497 2549 1665 2580 nomen
1696 2533 1839 2577 habet
1872 2544 1901 2575 a

1149 2595 1319 2639 Flacco
1337 2594 1605 2639 Hordeonio
1624 2593 1802 2638 Vitellii
1828 2604 1902 2635 ae-

1152 2654 1277 2711 quali
1324 2654 1422 2697 377.
1476 2679 1525 2684 —
1575 2654 1631 2696 in
1676 2651 1902 2696 modum

1151 2713 1284 2769 apri
1328 2714 1427 2756 377.
1478 2709 1903 2768 —liquamine

1150 2774 1196 2816 in
1241 2772 1451 2817 omnibus
1495 2776 1685 2828 praeter
1715 2781 1811 2826 par.
1849 2793 1901 2799 -—

1151 2832 1220 2876 ab
1284 2831 1520 2876 ossibus
1581 2835 1795 2885 tanges
1853 2831 1906 2870 ut
