2066 3276
657 311 757 357 Lib.
791 310 870 356 IV.
921 310 1195 356 Pandectes.
1644 309 1713 362 89

125 445 385 514 gisticum,
441 464 537 515 api
582 462 763 500 semen
818 450 869 500 et
906 444 1098 499 fundes
1146 448 1372 511 acetum,
1425 443 1711 512 liquamen,

126 537 346 573 ovorum
378 520 560 573 vitella
590 526 641 574 et
666 520 831 573 mixta
857 521 910 572 in
937 536 1095 572 unum
1122 518 1398 588 perfundis
1428 524 1479 572 et
1498 517 1711 573 inferes,

244 596 356 647 164
416 595 661 648 Pisces
704 594 958 648 elixos:
1017 598 1159 647 teres
1197 593 1368 664 piper,
1408 592 1711 660 ligisticum,

120 670 209 736 api
243 686 442 735 semen,
486 669 780 736 origanum,
823 668 1097 721 suffundes
1123 672 1348 733 acetum,
1391 667 1713 725 adiciesnu-

122 743 265 795 cleos
306 743 510 811 pineos,
555 743 809 796 cai-iotam
850 741 990 809 quod
1028 743 1155 795 satis
1198 742 1280 809 sit,
1320 742 1462 809 mels
1484 746 1712 810 acetum,

119 816 402 883 liquamen,
444 817 645 887 sinape.
690 817 1015 884 temperabis
1057 821 1110 869 et
1148 816 1326 869 uteris

235 892 354 944 165.
396 891 648 943 Patina
681 891 1026 943 solearum
1063 906 1143 943 ex
1178 890 1349 942 ovis:
1385 888 1561 955 radeS,
1590 905 1713 957 pur,-

119 981 234 1032 gaS,
290 966 548 1033 conponis
599 964 653 1016 in
692 964 893 1032 patina,
938 963 1141 1017 adicies
1181 964 1466 1030 liquamen,
1521 963 1712 1029 oleum,

118 1039 311 1105 vinum,
362 1038 676 1092 fasciculum
714 1039 859 1107 porri
901 1043 952 1091 et
992 1037 1256 1090 coriandri
1297 1054 1497 1091 semen.
1552 1037 1712 1090 mittis

117 1118 172 1165 ut
200 1117 472 1180 coquatur.
515 1118 654 1166 teres
682 1113 837 1181 piper
863 1112 1147 1179 modicum,
1191 1112 1485 1179 origanum,
1517 1111 1713 1165 suffun-

118 1187 198 1240 dis
251 1187 330 1240 ius
381 1187 449 1240 de
502 1204 595 1240 suo
645 1187 762 1253 sibi,
818 1186 1018 1240 adicies
1074 1187 1266 1254 vinum,
1319 1186 1507 1240 decem
1549 1185 1715 1240 cruda

120 1279 222 1314 ova
262 1261 524 1314 dissolves
567 1266 617 1314 et
654 1261 709 1313 in
748 1278 907 1313 unum
951 1277 1143 1329 corpus
1183 1260 1366 1314 facies,
1409 1260 1621 1314 traicies
1660 1260 1715 1312 in

119 1336 356 1403 patinam
409 1352 569 1403 super
619 1336 810 1389 soleas
867 1334 937 1387 ad
988 1335 1169 1402 ignem
1208 1336 1408 1388 lentum
1447 1351 1619 1403 pones
1659 1339 1716 1387 ut

118 1409 390 1476 decoquat
432 1416 483 1462 et
524 1427 641 1463 cum
684 1410 909 1476 duxerit,
950 1409 1105 1477 piper
1144 1410 1406 1480 aspargis,

232 1485 355 1536 166.
398 1484 655 1537 Patina
690 1484 769 1537 de
805 1483 1036 1536 sorbis
1077 1483 1310 1536 calida
1347 1488 1408 1537 et
1436 1481 1711 1551 frigida:

118 1559 354 1628 accipies
383 1559 557 1625 sorba,
600 1574 815 1628 purgas,
857 1557 910 1609 in
938 1558 1186 1609 mortario
1221 1557 1454 1624 fricabiS,
1496 1574 1593 1625 per
1628 1573 1715 1610 co·-

120 1632 225 1683 lum
287 1632 502 1685 colabis.
567 1632 834 1685 cerebella
894 1632 1173 1684 enervabis
1234 1635 1483 1697 quattuor
1543 1635 1712 1697 cocta,

119 1706 293 1758 mittes
333 1707 386 1757 in
426 1706 748 1771 mortarium,
791 1705 993 1776 piperis
1034 1705 1294 1776 scripulos
1327 1706 1473 1759 VIII.
1517 1705 1713 1758 suffun-

118 1780 214 1832 des
256 1780 540 1846 liquamen,
582 1780 819 1837 fricabiS.
857 1779 1059 1832 adicies
1094 1781 1269 1846 sorba,
1310 1780 1365 1831 in
1393 1797 1451 1833 se
1482 1783 1712 1833 contem·

117 1853 345 1924 perabis,
388 1854 606 1921 franges
647 1871 749 1906 ova
788 1854 932 1906 VIII.
989 1852 1191 1906 adicies
1240 1853 1434 1906 ciatum
1474 1853 1713 1920 liquami-

115 1929 196 1980 nis
237 1945 411 1980 unum.
455 1928 691 1998 patinam
731 1927 981 1980 mundam
1022 1944 1328 1998 perungues
1365 1929 1494 1981 etin
1521 1933 1711 1982 termo-

115 2002 304 2072 spodio
358 2019 528 2073 pones
584 2007 635 2055 et
674 2002 749 2055 sic
793 2019 911 2055 eam
951 2004 1231 2072 inpensam
1271 2003 1449 2056 mittes
1489 2020 1552 2056 ac
1593 2003 1713 2055 sub-

114 2081 196 2129 tus
237 2093 397 2147 supra
436 2076 853 2146 termospodium
894 2076 1106 2129 habeat.
1164 2093 1282 2129 cum
1338 2082 1491 2130 cocta
1537 2076 1710 2142 fuerit,

113 2151 268 2219 piper
307 2151 561 2203 minutum
602 2151 848 2219 aspargis
890 2155 942 2204 et
979 2150 1192 2204 inferes

230 2226 349 2277 167.
411 2225 662 2277 Patina
716 2224 795 2276 de
847 2225 1184 2292 persicis:
1246 2225 1457 2292 persica
1499 2224 1714 2277 duriora

114 2299 386 2366 purgabis,
427 2298 715 2351 frustratim
757 2298 1026 2364 concideS,
1071 2299 1257 2366 elixas,
1299 2299 1353 2351 in
1378 2299 1563 2367 patina
1589 2316 1711 2352 con-

204 2416 265 2459 ad
315 2417 411 2459 163.
483 2416 760 2460 lucustas
812 2421 870 2461 et

112 2475 400 2530 isquillas
465 2476 565 2519 cod.
631 2489 687 2519 ex
740 2489 868 2519 more

961 2430 1005 2460 s.
1041 2417 1125 2460 ad.
1162 2418 1275 2460 vin.
1310 2417 1494 2461 dicem
1530 2444 1581 2448 *—
1617 2418 1711 2462 de-

963 2480 1189 2531 quocat
1222 2477 1326 2520 cod.

114 2534 337 2577 Italorum
364 2535 442 2590 qui
467 2535 660 2578 vocibus
682 2535 724 2577 in
746 2534 868 2578 fron-

115 2598 161 2637 te
194 2607 230 2644 s,
265 2606 319 2649 sq
361 2593 640 2637 habentibus
681 2594 696 2636 i
737 2607 868 2648 prae==

113 2651 678 2707 ponunt—effundes
697 2658 748 2696 ut
768 2654 864 2695 162.

201 2740 262 2784 ad
298 2740 397 2784 164.
431 2742 678 2796 gariota
710 2741 812 2785 cod.

199 2828 260 2872 ad
308 2829 404 2872 165.
468 2829 751 2873 soliarum
791 2843 865 2877 ,ex

115 2887 246 2932 obis
278 2888 615 2943 --patinam
650 2914 702 2919 -
741 2888 864 2932 olei

115 2972 166 2978 —
202 2952 542 3003 quoquatur
571 2948 735 2991 -—iux
760 2961 862 2992 suo

1049 2535 1111 2577 ad
1148 2535 1243 2578 166.
1279 2547 1503 2591 purgas
1536 2536 1712 2579 semina

960 2594 1135 2644 eximis,
1170 2593 1333 2638 Colum
1369 2596 1438 2646 12,
1462 2594 1533 2646 42,
1557 2597 1595 2639 1.
1632 2596 1711 2639 de-

959 2652 1103 2696 trahis
1148 2666 1303 2697 semen
1340 2655 1407 2706 12,

957 2712 1068 2756 item
1103 2717 1416 2758 conteruntur.
1443 2739 1495 2744 —
1529 2714 1711 2759 sorba

956 2771 1040 2814 illa
1073 2771 1240 2815 colata.

1047 2831 1108 2874 ad
1142 2831 1240 2875 167.
1275 2831 1474 2886 piscis
1508 2835 1555 2875 et
1586 2831 1708 2886 pis—

956 2890 1122 2933 cibus
1165 2890 1301 2934 codd.
1338 2915 1391 2921 —
1426 2890 1582 2933 malim
1616 2891 1708 2938 du-

955 2950 1169 3005 racina
1203 2950 1275 2997 26.
1311 2949 1378 2993 74.
1416 2949 1515 2999 184,

1440 2653 1513 2705 48,
1545 2654 1585 2698 4.
1631 2655 1711 2698 ubi
1792 2675 1796 2679 ·
